2034 3025
168 139 222 195 292
260 138 374 196 'IVLll
392 137 535 191 neele.
553 137 657 192 VITA
678 135 764 192 GAP.
780 135 825 191 43.
841 137 887 193 44.
932 158 938 174 .

169 249 268 310 tristis,
283 245 425 298 extraneis
437 245 521 297 etiam
531 245 693 314 ignotisque
700 260 759 298 non
767 247 829 296 siue
839 247 977 300 caninii.

170 317 280 387 Vulgus
291 329 400 384 quoquc
407 351 415 378 ,
430 313 514 367 ethic
524 313 601 365 aliud
612 329 699 382 agens
709 314 842 381 populns,
858 323 889 367 ct
897 320 980 370 renti-

170 395 265 440 iuvere
276 385 311 438 ad
322 385 444 448 demum,
461 389 490 436 et
521 399 552 436 er
561 383 627 435 fora
636 389 665 435 et
675 385 793 435 circulos
803 384 978 439 locutisuut:

165 455 394 524 ‚necquicquam
415 399 611 506 dudilfmorte
621 452 778 522 Agricolae,
798 461 850 504 aut
862 454 980 517 laetatus

171 532 224 590 est,
239 531 288 577 aut
298 526 392 576 statim
404 525 518 575 oblitus.
553 525 686 592 Augebat
695 525 912 581 miserationem
921 542 981 577 cou-

65 595 77 606 ‘
170 603 248 649 stans
263 610 374 658 rumor,
391 607 490 647 venene
504 591 694 660 interceptum.
729 591 819 645 Nobis
829 592 982 647 nihilcom·

170 667 246 736 perti
261 665 410 718 adfirmare
425 664 527 714 ausim:
547 668 674 715 ceterum
689 678 739 730 per
754 677 871 714 omnem
880 665 982 717 valetu-

140 763 141 769 =
171 737 264 788 dinem
278 736 346 796 eius,
362 734 486 785 crebrius
501 747 585 801 quam
595 736 719 784 exmore
729 732 921 798 Principatus,
938 750 982 802 per

82 800 87 808 “
111 855 115 860 ,
172 806 286 856 nuntios
296 803 422 866 visentis,
442 807 471 854 et
480 801 648 871 libmterum
658 803 749 869 primi,
770 803 982 856 etmedicorun

171 874 264 924 intimi
279 886 391 924 venere:
412 872 471 922 sire
488 887 557 924 cura
571 871 651 935 illud,
670 873 728 923 sive
743 873 899 939 inquisitio
921 880 981 927 ereb

172 940 310 1009 Supremo
322 939 435 1009 quidem
446 941 501 1004 die,
511 947 654 994 momenta
663 940 820 992 deficientis
832 957 889 1007 per
899 943 983 1011 dispo

126 1045 129 1052 ⁴
171 1013 243 1064 sitos
252 1025 382 1063 cursores
394 1012 523 1062 nuntiata
533 1012 689 1074 constabat,
702 1011 783 1063 nullo
794 1011 943 1077 credente,
951 1016 985 1064 sic

158 1137 161 1144 ,
171 1081 334 1144 accelerari,
353 1095 423 1147 quae
434 1076 526 1132 tristis
536 1081 655 1132 audiret.
692 1080 820 1147 Speciem
830 1085 934 1134 tamen
944 1083 985 1133 do·

159 1193 161 1200 ,
171 1152 242 1204 loris
253 1153 346 1202 animo
356 1150 492 1218 vultuque
503 1166 572 1220 prae
582 1167 613 1202 se
625 1150 705 1213 tulit,
724 1165 840 1202 securus
851 1152 914 1203 iam
927 1153 985 1211 odii,

56 1276 61 1293 Ι
157 1226 203 1280 ,et
213 1221 261 1288 qui
275 1218 386 1270 facilius
402 1218 593 1272 dissimularet
607 1220 753 1289 gaudium,
775 1234 861 1288 quam
876 1229 986 1274 metum.

156 1347 159 1352 ,
172 1289 250 1344 Satis
258 1290 419 1355 constabat,
439 1289 513 1342 lecto
524 1295 694 1342 testamento
708 1289 865 1359 Agricolae,
878 1307 939 1362 quo
949 1306 987 1342 ce·

171 1359 306 1414 heredem
325 1361 447 1428 optimae
463 1361 546 1412 uxori
561 1365 590 1412 ct
608 1361 749 1428 piissimae
763 1359 841 1411 tiliae
850 1359 987 1413 Domib'a·

52 1468 77 1488 2.
118 1494 120 1497 .
156 1495 160 1498 ,
172 1447 242 1484 num
252 1431 371 1500 scripsit,
381 1429 518 1482 laetatum
526 1444 601 1492 eum,
610 1429 689 1487 velut
700 1429 806 1482 honere
817 1429 988 1499 iudicioque.

52 1495 75 1574 ᾗ
107 1509 126 1536 ·“
155 1499 157 1506 ’
172 1507 232 1571 tam
247 1512 331 1553 caeca
344 1505 525 1568 eticonrupta
538 1516 622 1552 mens
636 1500 760 1553 adsiduis
772 1498 991 1560 'aduffluibm

173 1576 251 1635 mat,
269 1577 302 1623 ut
316 1572 452 1639 nesciret,
469 1570 571 1623 abono
585 1573 667 1639 petre
677 1586 734 1624 non
745 1565 831 1622 scribi
845 1567 993 1632 heredem,

172 1643 227 1694 nisi
239 1640 341 1693 malum
353 1640 518 1707 Principem.
759 1669 762 1676 -

67 1770 71 1786 ‚
223 1709 321 1763 XLlV.
340 1709 428 1769 Natus
438 1718 499 1780 erat
509 1708 650 1779 Agricola,
661 1710 728 1768 Caio
739 1710 862 1762 Caesare
872 1713 995 1763 tertium

174 1780 296 1833 Consule
312 1780 380 1833 ldib.
392 1778 492 1831 laniis:
511 1782 632 1833 excessit
645 1786 727 1831 sexto
742 1787 771 1831 et
787 1780 996 1849 quiuquagesi-

41 1906 45 1915 ,
172 1866 320 1912 meamne,
341 1849 449 1902 decimo
466 1850 530 1901 Kal.
546 1848 688 1918 Septemb.
704 1850 823 1917 Collega
834 1848 1011 1918 l’rieeoque¹

94 1960 96 1967 ,
174 1934 244 1970 coss.
281 1918 364 1981 Quod
374 1920 399 1969 si
415 1918 539 1973 habitum
551 1934 663 1987 qmrquc
675 1920 737 1970 eius
747 1919 854 1987 posteri
868 1921 1011 2010 noscerel

172 1988 273 2049 relint;
288 1988 433 2040 decentior
442 2004 525 2055 quam
536 1988 682 2040 sublimior
691 1987 753 2039 luit
771 1985 840 2039 nibil
851 1996 959 2041 metus
971 1994 997 2041 iu
1009 2021 1011 2038 .

172 2055 265 2107 vultu:
288 2059 381 2121 gratia
395 2060 458 2108 bris
478 2066 635 2125 supererat.
664 2057 770 2110 bonum
787 2058 883 2110 sirum
905 2060 997 2112 facile

173 2126 311 2191 crederes,
327 2140 457 2193 maguum
469 2126 599 2181 libenter.
635 2126 671 2179 Et
681 2130 740 2195 ipse
751 2128 879 2196 quidem,
895 2142 996 2197 quam-

172 2213 257 2267 quam
268 2194 359 2247 medie
371 2197 398 2245 in
410 2198 500 2263 spatio
512 2200 642 2266 integrae
652 2200 753 2249 aetatis
764 2203 893 2266 ereptus,
904 2214 995 2265 quau·

146 2318 148 2327 ,
171 2274 231 2319 tum
242 2266 278 2319 bd
288 2266 417 2335 gloriam,
427 2266 622 2337 longissimum
632 2282 730 2320 aerum
743 2268 864 2335 peregit.
877 2269 995 2338 Quippe

172 2343 201 2387 et
211 2352 277 2387 vera
287 2338 370 2399 buna,
381 2350 453 2401 quae
464 2338 493 2392 iu
503 2337 655 2390 virtutibus
665 2339 721 2388 sita
730 2343 803 2399 sunt,
813 2336 996 2405 inpleverat,

172 2412 201 2453 et
217 2404 417 2456 consularibus
432 2420 464 2457 ac
479 2405 695 2474 triumplialibus
715 2408 892 2462 ornamentis
909 2423 999 2475 prae·

171 2471 240 2533 dito,
252 2471 319 2539 quid
331 2473 408 2535 aliud
419 2474 566 2527 adstruere
581 2474 697 2528 fortuna
707 2474 837 2544 poteratt
877 2477 998 2547 Opibus

84 2596 87 2612 ,
140 2563 144 2578 κ
168 2540 262 2589 niualis
273 2554 328 2589 non
336 2540 495 2607 'gaudebam
508 2545 653 2609 speciosae
663 2547 850 2613 contigerant.
872 2547 949 2601 illia
960 2557 1001 2602 at·

165 2618 222 2683 pue
234 2620 321 2657 uxore
332 2611 544 2673 superstitibus,
560 2619 658 2678 potest
667 2611 758 2676 rideri
769 2616 856 2666 etiam
866 2617 1002 2683 beatum

215 2671 299 2721 “lumi
309 2670 455 2743 dignitate,
466 2678 586 2731 florente
596 2680 674 2733 tama
691 2682 1002 2745 selrisadflnitatibus
