2034 3025
121 107 264 207 sorau
283 152 367 204 osc.
380 151 420 203 ιι.
433 150 472 203 12
490 151 537 220 [s.
547 152 582 206 v.
592 154 652 219 7⁶7·
666 152 742 205 ac.
755 152 807 221 u]
851 154 880 205 n

75 258 146 311 rima
171 256 224 309 ribs‘
244 255 365 326 goriam
389 254 580 323 quaeum„
603 256 714 307 Etenim
734 257 885 325 Augaeus,

76 328 170 393 paucis
180 332 246 377 ante
258 326 347 387 annis,
366 339 426 374 cum
438 326 552 376 Tiberio
558 324 751 376 'l'riboniciani
762 332 883 392 potesta·

33 447 38 455 ,
75 396 420 448 temal'atribusrursnm
432 393 598 459 postularet,
618 408 784 460 quamquam
799 394 885 447 lieno·

16 498 20 505 ,
75 480 108 517 ra
118 465 256 526 oratione,
266 463 403 531 quaedam
414 461 448 513 de
459 460 698 531 habitucnltuque
709 470 738 513 et
747 464 882 515 insontis

76 536 134 587 eius
143 536 263 595 iecerat,
275 546 347 599 quae
356 531 433 582 velut
443 531 600 583 excusando
611 532 804 598 exprobraret

144 602 195 654 Xi.
215 602 345 653 Ceterum
355 600 501 667 sepultura
510 615 588 651 inore
598 600 732 667 perfecta,
747 599 883 667 templu·

75 670 254 725 otcoelestes
263 671 414 736 religiones
424 668 619 721 decernuntur.
656 668 883 723 vemeinoeee

74 740 222 794 'liberium
233 752 338 805 preces.
365 738 402 788 Et
412 737 459 789 ille
469 740 546 790 varie
556 738 721 791 disserebat:
732 739 768 791 de
778 734 884 806 rnagnl·

73 810 174 861 tudine
195 808 320 873 imperii,
340 820 391 858 sua
410 806 560 871 modestia3
580 810 665 859 solnm
684 808 740 860 clini
760 806 884 875 Augusti

74 886 191 930 mentem
202 883 297 927 tantae
306 875 381 927 molis
390 890 535 942 capacemr
551 892 587 941 se,
597 876 627 928 in
633 886 742 945 partem
752 890 883 929 esrom

75 946 108 999 ob
118 946 169 999 illo
179 954 316 1007 eoeneum,
337 944 497 1011 experiendo
512 944 645 1008 didicisse,
663 962 744 1014 quum
758 947 882 1009 arduam,

74 1029 157 1097 quum
162 1012 310 1065 subiectum
313 1014 450 1095 [ortunae
460 1014 572 1095 regendi
580 1024 677 1067 cuncta
686 1030 760 1067 onus.
769 1014 883 1084 pois&

73 1102 104 1137 en
114 1082 239 1144 civitate,
258 1082 469 1137 totrnlustribur
477 1082 677 1146 arriseubnixs,
691 1085 882 1137 nonedam

75 1151 167 1204 omnin
173 1150 326 1217 deferrent.-
333 1153 426 1219 plures
432 1150 549 1223 sutilius
558 1152 651 1205 munio
661 1152 834 1221 reipublicae
842 1168 882 1203 so·

75 1219 161 1273 cinric
179 1219 316 1271 laboribus
335 1229 517 1273 exsecuturos.
552 1222 620 1273 Plus
639 1224 667 1273 in
687 1223 813 1274 oratione
829 1221 881 1272 tali

77 1290 223 1357 diguitatis
243 1304 325 1357 quam
345 1290 411 1341 fidel
430 1295 503 1342 crate
524 1292 693 1359 Tiberioque
707 1292 828 1342 etiamin
840 1304 883 1342 re·

75 1359 145 1420 bus,
165 1372 234 1425 quaa
245 1369 300 1409 non
312 1359 461 1421 occuleret,
477 1373 526 1410 seu
537 1366 645 1421 nature,
656 1362 714 1411 sive
724 1359 884 1411 adsuetudi-

76 1443 122 1488 ne,
133 1440 268 1492 suspensa
278 1442 388 1493 semper
398 1432 427 1479 et
437 1429 554 1479 obscura
562 1429 658 1480 rerba:
678 1433 746 1479 tunc
762 1443 828 1479 vero
843 1429 883 1478 ni-

10 1517 11 1520 *
77 1497 162 1557 tenti,
176 1500 209 1546 ut
218 1510 314 1548 sensus
324 1510 390 1548 suos
400 1499 509 1563 penitus
520 1498 649 1559 abderet,
669 1498 697 1548 in
708 1498 843 1548 incertum
854 1500 883 1547 et

77 1566 239 1632 ambiguum
254 1568 342 1632 uagis
356 1567 578 1633 implicabantur.
614 1565 650 1617 At
660 1564 768 1628 Patres,
783 1566 883 1632 quibus

76 1647 151 1684 unus
162 1637 261 1696 metus,
279 1636 303 1684 si
313 1635 468 1702 intelligere
479 1636 649 1696 viderentur,
664 1635 694 1684 in
708 1640 831 1702 questos,
845 1633 884 1685 la·

77 1705 189 1764 erimar,
198 1708 263 1754 vota
274 1702 393 1766 effondi;
404 1703 439 1754 ad
449 1704 525 1766 deos,
535 1705 572 1756 ad
581 1703 837 1772 effigiem-Augusti,
847 1703 883 1754 ad

76 1773 267 1840 genuaipsius
276 1787 375 1824 manos
388 1771 517 1825 tenderer
536 1787 598 1825 cunr
618 1774 736 1840 proferri
756 1772 883 1825 libellum

76 1843 248 1909 recitarique
269 1843 359 1892 iussit.
400 1842 474 1908 Opes
503 1843 632 1908 publicae
656 1842 884 1895 continebanturr

76 1916 212 1978 quantum
224 1911 323 1961 civium
333 1911 527 1978 sociorumque
537 1913 566 1961 in
576 1914 673 1963 armis:
691 1919 761 1979 quot
770 1913 883 1974 classes,

76 1995 174 2046 regna,
190 1981 356 2044 provinciae,
371 1979 486 2043 tributa,
500 1986 550 2030 aot
558 1981 715 2048 vectigalia,
726 1987 757 2033 et
766 1981 884 2034 necessi·

75 2054 152 2100 tates
162 2063 196 2099 ac
205 2047 376 2115 largitiones.
395 2063 467 2116 quae
486 2055 585 2101 cuncta
598 2064 651 2101 soa
665 2064 749 2102 niano
767 2051 884 2118 peracri·

77 2123 174 2184 pserat
184 2117 340 2184 Augustus:
360 2117 563 2187 addideratque
577 2119 725 2170 consilium
735 2118 883 2172 coercendi

75 2189 153 2305 {pira
162 2187 298 2238 terminos
308 2187 418 2254 imperii
425 2223 434 2252 ,
451 2189 589 2240 incertum
599 2193 689 2252 metu,
709 2191 883 2256 anperinri·
910 2218 916 2229 ·

96 2269 162 2307 ram.

130 2323 192 2374 Xll.
211 2322 288 2376 inter
303 2337 373 2392 quae
388 2322 493 2376 Senatu
508 2323 544 2376 ad
559 2325 667 2377 infimas
681 2325 883 2378 obtestationes

77 2393 288 2458 procumbente,
304 2393 374 2444 dixit
385 2391 458 2445 forte
469 2395 607 2457 Tiberius,
619 2406 658 2452 se,
674 2404 768 2449 utnon
779 2396 832 2448 toti
842 2394 884 2446 rei

74 2460 201 2528 publicae
214 2475 324 2528 perenn,
343 2460 400 2526 iio,
419 2477 592 2531 quaecunque
605 2463 885 2530 porsse'bimundnre·

78 2539 134 2592 tur,
149 2528 208 2580 eius
218 2532 333 2582 tutelam
342 2540 537 2597 susceptorum.
571 2535 644 2583 'luni
655 2533 765 2583 Asinius
776 2529 885 2588 Gallus,

77 2598 237 2665 interrogo,
256 2599 355 2666 inquit,
376 2596 702 2667 Oueranpuompnltcrn
711 2593 886 2661 reipublicae

9 2693 11 2696 ·
44 2732 49 2740 .
78 2664 205 2720 mundari
223 2665 275 2720 libi
288 2668 361 2722 velis.
396 2667 545 2741 Perculsus
563 2668 716 2737 improvisa
732 2665 882 2725 interret*
