<?xml version="1.0" encoding="UTF-8"?>
<!DOCTYPE html PUBLIC "-//W3C//DTD XHTML 1.0 Transitional//EN"
    "http://www.w3.org/TR/xhtml1/DTD/xhtml1-transitional.dtd">
<html xmlns="http://www.w3.org/1999/xhtml" xml:lang="en" lang="en">
 <head>
  <title>
</title>
<meta http-equiv="Content-Type" content="text/html;charset=utf-8" />
  <meta name='ocr-system' content='tesseract 3.04.00' />
  <meta name='ocr-capabilities' content='ocr_page ocr_carea ocr_par ocr_line ocrx_word'/>
</head>
<body>
  <div class='ocr_page' id='page_1' title='image "./ccorneliitaciti00socigoog/ccorneliitaciti00socigoog_0666.png"; bbox 0 0 2034 3025; ppageno 0'>
   <div class='ocr_carea' id='block_1_1' title="bbox 94 91 893 173">
    <p class='ocr_par' dir='ltr' id='par_1_1' title="bbox 94 91 893 173">
     <span class='ocr_line' id='line_1_1' title="bbox 94 91 893 173; baseline 0.005 -18"><span class='ocrx_word' id='word_1_1' title='bbox 94 105 175 155; x_wconf 79' lang='lat' dir='ltr'>mr.</span> <span class='ocrx_word' id='word_1_2' title='bbox 189 105 223 156; x_wconf 86' lang='lat' dir='ltr'>v.</span> <span class='ocrx_word' id='word_1_3' title='bbox 240 93 323 156; x_wconf 75' lang='lat' dir='ltr'>cnr.</span> <span class='ocrx_word' id='word_1_4' title='bbox 335 91 453 164; x_wconf 75' lang='lat' dir='ltr'>le-so.</span> <span class='ocrx_word' id='word_1_5' title='bbox 472 103 626 170; x_wconf 65' lang='lat' dir='ltr'>[muas.</span> <span class='ocrx_word' id='word_1_6' title='bbox 641 105 779 173; x_wconf 75' lang='lat' dir='ltr'>e.c.71.1</span> <span class='ocrx_word' id='word_1_7' title='bbox 805 106 860 166; x_wconf 76' lang='lat' dir='ltr'>ass</span> <span class='ocrx_word' id='word_1_8' title='bbox 888 118 893 130; x_wconf 82' lang='lat'><strong>·</strong></span> 
     </span>
    </p>
   </div>
   <div class='ocr_carea' id='block_1_2' title="bbox 32 205 890 2524">
    <p class='ocr_par' dir='ltr' id='par_1_2' title="bbox 61 205 861 274">
     <span class='ocr_line' id='line_1_2' title="bbox 61 205 861 274; baseline -0.005 -15"><span class='ocrx_word' id='word_1_9' title='bbox 61 208 161 270; x_wconf 81' lang='lat' dir='ltr'>nisset,</span> <span class='ocrx_word' id='word_1_10' title='bbox 182 223 282 274; x_wconf 82' lang='lat' dir='ltr'>parum</span> <span class='ocrx_word' id='word_1_11' title='bbox 302 207 427 259; x_wconf 80' lang='lat' dir='ltr'>intentor.</span> <span class='ocrx_word' id='word_1_12' title='bbox 463 207 543 257; x_wconf 85' lang='lat' dir='ltr'>Duae</span> <span class='ocrx_word' id='word_1_13' title='bbox 559 207 635 269; x_wconf 84' lang='lat' dir='ltr'>alae,</span> <span class='ocrx_word' id='word_1_14' title='bbox 663 205 820 274; x_wconf 53' lang='lat' dir='ltr'>cumberto</span> <span class='ocrx_word' id='word_1_15' title='bbox 840 225 861 264; x_wconf 69' lang='lat' dir='ltr'>a</span> 
     </span>
    </p>

    <p class='ocr_par' dir='ltr' id='par_1_3' title="bbox 61 274 862 343">
     <span class='ocr_line' id='line_1_3' title="bbox 61 274 862 343; baseline 0.005 -18"><span class='ocrx_word' id='word_1_16' title='bbox 61 279 179 339; x_wconf 86' lang='lat' dir='ltr'>missac,</span> <span class='ocrx_word' id='word_1_17' title='bbox 209 277 321 326; x_wconf 86' lang='lat' dir='ltr'>incauto</span> <span class='ocrx_word' id='word_1_18' title='bbox 332 275 408 326; x_wconf 85' lang='lat' dir='ltr'>hosti</span> <span class='ocrx_word' id='word_1_19' title='bbox 420 274 687 327; x_wconf 82' lang='lat' dir='ltr'>circumfunduntur.</span> <span class='ocrx_word' id='word_1_20' title='bbox 724 276 862 343; x_wconf 79' lang='lat' dir='ltr'>quodui</span> 
     </span>
    </p>

    <p class='ocr_par' dir='ltr' id='par_1_4' title="bbox 60 343 864 546">
     <span class='ocr_line' id='line_1_4' title="bbox 60 343 864 411; baseline -0.005 -17"><span class='ocrx_word' id='word_1_21' title='bbox 60 343 182 396; x_wconf 86' lang='lat' dir='ltr'>clamore</span> <span class='ocrx_word' id='word_1_22' title='bbox 193 347 344 410; x_wconf 82' lang='lat' dir='ltr'>cognitum,</span> <span class='ocrx_word' id='word_1_23' title='bbox 359 343 485 411; x_wconf 75' lang='lat' dir='ltr'>legiones</span> <span class='ocrx_word' id='word_1_24' title='bbox 496 357 514 394; x_wconf 85' lang='lat' dir='ltr'>a</span> <span class='ocrx_word' id='word_1_25' title='bbox 523 343 617 394; x_wconf 85' lang='lat' dir='ltr'>fronte</span> <span class='ocrx_word' id='word_1_26' title='bbox 626 343 788 405; x_wconf 79' lang='lat' dir='ltr'>incubuere,</span> <span class='ocrx_word' id='word_1_27' title='bbox 799 345 864 409; x_wconf 80' lang='lat' dir='ltr'>pul.</span> 
     </span>
     <span class='ocr_line' id='line_1_5' title="bbox 62 410 861 480; baseline 0.003 -18"><span class='ocrx_word' id='word_1_28' title='bbox 62 415 142 480; x_wconf 82' lang='lat' dir='ltr'>sique</span> <span class='ocrx_word' id='word_1_29' title='bbox 155 411 289 466; x_wconf 83' lang='lat' dir='ltr'>Germani</span> <span class='ocrx_word' id='word_1_30' title='bbox 300 410 425 462; x_wconf 85' lang='lat' dir='ltr'>Rhenum</span> <span class='ocrx_word' id='word_1_31' title='bbox 436 411 503 478; x_wconf 81' lang='lat' dir='ltr'>iuga</span> <span class='ocrx_word' id='word_1_32' title='bbox 511 411 654 476; x_wconf 87' lang='lat' dir='ltr'>petebant.</span> <span class='ocrx_word' id='word_1_33' title='bbox 680 411 861 464; x_wconf 85' lang='lat' dir='ltr'>Debellatum</span> 
     </span>
     <span class='ocr_line' id='line_1_6' title="bbox 62 479 860 546; baseline 0.001 -16"><span class='ocrx_word' id='word_1_34' title='bbox 62 493 96 530; x_wconf 90' lang='lat' dir='ltr'>eo</span> <span class='ocrx_word' id='word_1_35' title='bbox 111 480 158 530; x_wconf 87' lang='lat' dir='ltr'>die</span> <span class='ocrx_word' id='word_1_36' title='bbox 174 480 262 541; x_wconf 82' lang='lat' dir='ltr'>foret,</span> <span class='ocrx_word' id='word_1_37' title='bbox 290 480 314 529; x_wconf 90' lang='lat' dir='ltr'>si</span> <span class='ocrx_word' id='word_1_38' title='bbox 330 479 455 531; x_wconf 82' lang='lat' dir='ltr'>Romana</span> <span class='ocrx_word' id='word_1_39' title='bbox 470 479 567 529; x_wconf 87' lang='lat' dir='ltr'>classis</span> <span class='ocrx_word' id='word_1_40' title='bbox 582 481 664 546; x_wconf 90' lang='lat' dir='ltr'>sequi</span> <span class='ocrx_word' id='word_1_41' title='bbox 679 486 860 531; x_wconf 74' lang='lat' dir='ltr'>maturasset.</span> 
     </span>
    </p>

    <p class='ocr_par' dir='ltr' id='par_1_5' title="bbox 62 546 861 614">
     <span class='ocr_line' id='line_1_7' title="bbox 62 546 861 614; baseline -0.001 -13"><span class='ocrx_word' id='word_1_42' title='bbox 62 546 105 602; x_wconf 79' lang='lat' dir='ltr'>Ne</span> <span class='ocrx_word' id='word_1_43' title='bbox 115 563 201 614; x_wconf 80' lang='lat' dir='ltr'>eques</span> <span class='ocrx_word' id='word_1_44' title='bbox 212 547 324 614; x_wconf 89' lang='lat' dir='ltr'>quidem</span> <span class='ocrx_word' id='word_1_45' title='bbox 334 548 456 610; x_wconf 88' lang='lat' dir='ltr'>institit,</span> <span class='ocrx_word' id='word_1_46' title='bbox 473 551 592 613; x_wconf 85' lang='lat' dir='ltr'>repente</span> <span class='ocrx_word' id='word_1_47' title='bbox 603 546 673 598; x_wconf 82' lang='lat' dir='ltr'>fusis</span> <span class='ocrx_word' id='word_1_48' title='bbox 682 548 818 600; x_wconf 83' lang='lat' dir='ltr'>imbribus</span> <span class='ocrx_word' id='word_1_49' title='bbox 829 551 861 600; x_wconf 79' lang='lat' dir='ltr'>et</span> 
     </span>
    </p>

    <p class='ocr_par' dir='ltr' id='par_1_6' title="bbox 60 616 320 684">
     <span class='ocr_line' id='line_1_8' title="bbox 60 616 320 684; baseline -0.008 -18"><span class='ocrx_word' id='word_1_50' title='bbox 60 616 320 684; x_wconf 82' lang='lat' dir='ltr'>propinquanocte.</span> 
     </span>
    </p>

    <p class='ocr_par' dir='ltr' id='par_1_7' title="bbox 32 679 890 1226">
     <span class='ocr_line' id='line_1_9' title="bbox 112 679 861 751; baseline 0.003 -18"><span class='ocrx_word' id='word_1_51' title='bbox 112 684 186 734; x_wconf 83' lang='lat' dir='ltr'>xlx.</span> <span class='ocrx_word' id='word_1_52' title='bbox 205 683 324 733; x_wconf 87' lang='lat' dir='ltr'>Postera</span> <span class='ocrx_word' id='word_1_53' title='bbox 338 681 398 745; x_wconf 77' lang='lat' dir='ltr'>(lie,</span> <span class='ocrx_word' id='word_1_54' title='bbox 428 679 636 750; x_wconf 73' lang='lat' dir='ltr'>quartadecima</span> <span class='ocrx_word' id='word_1_55' title='bbox 649 683 725 751; x_wconf 77' lang='lat' dir='ltr'>legio</span> <span class='ocrx_word' id='word_1_56' title='bbox 741 683 770 734; x_wconf 88' lang='lat' dir='ltr'>in</span> <span class='ocrx_word' id='word_1_57' title='bbox 780 697 861 750; x_wconf 79' lang='lat' dir='ltr'>supe·</span> 
     </span>
     <span class='ocr_line' id='line_1_10' title="bbox 60 749 862 816; baseline 0.001 -13"><span class='ocrx_word' id='word_1_58' title='bbox 60 751 167 803; x_wconf 86' lang='lat' dir='ltr'>riorem</span> <span class='ocrx_word' id='word_1_59' title='bbox 174 752 344 816; x_wconf 80' lang='lat' dir='ltr'>provinciam</span> <span class='ocrx_word' id='word_1_60' title='bbox 350 751 434 802; x_wconf 82' lang='lat' dir='ltr'>Gallo</span> <span class='ocrx_word' id='word_1_61' title='bbox 443 754 533 804; x_wconf 77' lang='lat' dir='ltr'>Annio</span> <span class='ocrx_word' id='word_1_62' title='bbox 544 749 641 804; x_wconf 68' lang='lat' dir='ltr'>missa}</span> <span class='ocrx_word' id='word_1_63' title='bbox 653 753 771 804; x_wconf 86' lang='lat' dir='ltr'>Cerialis</span> <span class='ocrx_word' id='word_1_64' title='bbox 781 766 862 804; x_wconf 86' lang='lat' dir='ltr'>exer·</span> 
     </span>
     <span class='ocr_line' id='line_1_11' title="bbox 60 819 862 888; baseline 0.002 -18"><span class='ocrx_word' id='word_1_65' title='bbox 60 820 147 870; x_wconf 86' lang='lat' dir='ltr'>citum</span> <span class='ocrx_word' id='word_1_66' title='bbox 167 819 274 870; x_wconf 78' lang='lat' dir='ltr'>decima</span> <span class='ocrx_word' id='word_1_67' title='bbox 294 835 329 871; x_wconf 88' lang='lat' dir='ltr'>ex</span> <span class='ocrx_word' id='word_1_68' title='bbox 349 821 487 886; x_wconf 85' lang='lat' dir='ltr'>Hispania</span> <span class='ocrx_word' id='word_1_69' title='bbox 500 821 576 888; x_wconf 76' lang='lat' dir='ltr'>legib</span> <span class='ocrx_word' id='word_1_70' title='bbox 594 822 743 888; x_wconf 80' lang='lat' dir='ltr'>supplevit.</span> <span class='ocrx_word' id='word_1_71' title='bbox 777 819 862 872; x_wconf 80' lang='lat' dir='ltr'>civili</span> 
     </span>
     <span class='ocr_line' id='line_1_12' title="bbox 61 885 862 955; baseline 0.002 -17"><span class='ocrx_word' id='word_1_72' title='bbox 61 885 234 940; x_wconf 81' lang='lat' dir='ltr'>Chaucorum</span> <span class='ocrx_word' id='word_1_73' title='bbox 245 889 350 940; x_wconf 85' lang='lat' dir='ltr'>auxilia</span> <span class='ocrx_word' id='word_1_74' title='bbox 358 904 469 942; x_wconf 85' lang='lat' dir='ltr'>venere.</span> <span class='ocrx_word' id='word_1_75' title='bbox 505 888 567 940; x_wconf 87' lang='lat' dir='ltr'>Non</span> <span class='ocrx_word' id='word_1_76' title='bbox 583 896 680 942; x_wconf 88' lang='lat' dir='ltr'>tamen</span> <span class='ocrx_word' id='word_1_77' title='bbox 689 903 774 940; x_wconf 83' lang='lat' dir='ltr'>ausus</span> <span class='ocrx_word' id='word_1_78' title='bbox 785 890 862 955; x_wconf 77' lang='lat' dir='ltr'>oppi-</span> 
     </span>
     <span class='ocr_line' id='line_1_13' title="bbox 60 955 859 1026; baseline 0.004 -19"><span class='ocrx_word' id='word_1_79' title='bbox 60 955 98 1007; x_wconf 79' lang='lat' dir='ltr'>da</span> <span class='ocrx_word' id='word_1_80' title='bbox 107 956 277 1010; x_wconf 79' lang='lat' dir='ltr'>Batavorum</span> <span class='ocrx_word' id='word_1_81' title='bbox 287 959 372 1007; x_wconf 86' lang='lat' dir='ltr'>armis</span> <span class='ocrx_word' id='word_1_82' title='bbox 383 957 472 1018; x_wconf 88' lang='lat' dir='ltr'>tueri,</span> <span class='ocrx_word' id='word_1_83' title='bbox 495 960 599 1022; x_wconf 83' lang='lat' dir='ltr'>raptis,</span> <span class='ocrx_word' id='word_1_84' title='bbox 618 973 689 1026; x_wconf 89' lang='lat' dir='ltr'>quae</span> <span class='ocrx_word' id='word_1_85' title='bbox 700 957 770 1008; x_wconf 74' lang='lat' dir='ltr'>ferri</span> <span class='ocrx_word' id='word_1_86' title='bbox 780 965 859 1023; x_wconf 78' lang='lat' dir='ltr'>pote·</span> 
     </span>
     <span class='ocr_line' id='line_1_14' title="bbox 60 1022 862 1090; baseline 0.004 -16"><span class='ocrx_word' id='word_1_87' title='bbox 60 1022 143 1086; x_wconf 79' lang='lat' dir='ltr'>rant,</span> <span class='ocrx_word' id='word_1_88' title='bbox 167 1027 269 1076; x_wconf 78' lang='lat' dir='ltr'>ceteris</span> <span class='ocrx_word' id='word_1_89' title='bbox 286 1026 391 1075; x_wconf 77' lang='lat' dir='ltr'>iniecto</span> <span class='ocrx_word' id='word_1_90' title='bbox 412 1025 486 1090; x_wconf 79' lang='lat' dir='ltr'>igni,</span> <span class='ocrx_word' id='word_1_91' title='bbox 516 1025 545 1074; x_wconf 88' lang='lat' dir='ltr'>iu</span> <span class='ocrx_word' id='word_1_92' title='bbox 566 1027 687 1076; x_wconf 87' lang='lat' dir='ltr'>insulam</span> <span class='ocrx_word' id='word_1_93' title='bbox 706 1027 862 1077; x_wconf 70' lang='lat' dir='ltr'>concessiti</span> 
     </span>
     <span class='ocr_line' id='line_1_15' title="bbox 59 1090 861 1158; baseline 0.002 -16"><span class='ocrx_word' id='word_1_94' title='bbox 59 1106 179 1158; x_wconf 84' lang='lat' dir='ltr'>gnarus,</span> <span class='ocrx_word' id='word_1_95' title='bbox 200 1093 299 1157; x_wconf 73' lang='lat' dir='ltr'>deesse</span> <span class='ocrx_word' id='word_1_96' title='bbox 310 1107 396 1142; x_wconf 80' lang='lat' dir='ltr'>naves</span> <span class='ocrx_word' id='word_1_97' title='bbox 410 1090 553 1142; x_wconf 85' lang='lat' dir='ltr'>efficiendo</span> <span class='ocrx_word' id='word_1_98' title='bbox 563 1095 661 1156; x_wconf 77' lang='lat' dir='ltr'>ponti,</span> <span class='ocrx_word' id='word_1_99' title='bbox 680 1105 771 1158; x_wconf 89' lang='lat' dir='ltr'>neque</span> <span class='ocrx_word' id='word_1_100' title='bbox 782 1106 861 1143; x_wconf 84' lang='lat' dir='ltr'>exer-</span> 
     </span>
     <span class='ocr_line' id='line_1_16' title="bbox 32 1159 890 1226; baseline 0 -16"><span class='ocrx_word' id='word_1_101' title='bbox 32 1171 35 1175; x_wconf 52' lang='lat'><em>*</em></span> <span class='ocrx_word' id='word_1_102' title='bbox 59 1161 146 1210; x_wconf 87' lang='lat' dir='ltr'>citum</span> <span class='ocrx_word' id='word_1_103' title='bbox 156 1161 311 1210; x_wconf 80' lang='lat' dir='ltr'>Romanurn</span> <span class='ocrx_word' id='word_1_104' title='bbox 327 1161 410 1210; x_wconf 88' lang='lat' dir='ltr'>aliter</span> <span class='ocrx_word' id='word_1_105' title='bbox 424 1162 663 1210; x_wconf 83' lang='lat' dir='ltr'>transmissurum.</span> <span class='ocrx_word' id='word_1_106' title='bbox 700 1161 768 1226; x_wconf 90' lang='lat' dir='ltr'>quin</span> <span class='ocrx_word' id='word_1_107' title='bbox 779 1159 861 1210; x_wconf 86' lang='lat' dir='ltr'>etdi·</span> <span class='ocrx_word' id='word_1_108' title='bbox 879 1188 890 1195; x_wconf 82' lang='grc'><strong>-</strong></span> 
     </span>
    </p>

    <p class='ocr_par' dir='ltr' id='par_1_8' title="bbox 57 1226 886 1634">
     <span class='ocr_line' id='line_1_17' title="bbox 60 1226 861 1290; baseline 0.001 -11"><span class='ocrx_word' id='word_1_109' title='bbox 60 1229 118 1279; x_wconf 89' lang='lat' dir='ltr'>ruit</span> <span class='ocrx_word' id='word_1_110' title='bbox 128 1229 244 1290; x_wconf 87' lang='lat' dir='ltr'>molem,</span> <span class='ocrx_word' id='word_1_111' title='bbox 270 1242 287 1277; x_wconf 87' lang='lat' dir='ltr'>a</span> <span class='ocrx_word' id='word_1_112' title='bbox 297 1227 391 1278; x_wconf 84' lang='lat' dir='ltr'>Druso</span> <span class='ocrx_word' id='word_1_113' title='bbox 403 1227 569 1278; x_wconf 84' lang='lat' dir='ltr'>Germanico</span> <span class='ocrx_word' id='word_1_114' title='bbox 580 1227 696 1288; x_wconf 80' lang='lat' dir='ltr'>factam,</span> <span class='ocrx_word' id='word_1_115' title='bbox 720 1226 861 1281; x_wconf 86' lang='lat' dir='ltr'>Rhenum·</span> 
     </span>
     <span class='ocr_line' id='line_1_18' title="bbox 59 1295 885 1364; baseline 0.001 -18"><span class='ocrx_word' id='word_1_116' title='bbox 59 1309 124 1361; x_wconf 88' lang='lat' dir='ltr'>que,</span> <span class='ocrx_word' id='word_1_117' title='bbox 134 1311 224 1360; x_wconf 80' lang='lat' dir='ltr'>prono</span> <span class='ocrx_word' id='word_1_118' title='bbox 234 1295 312 1347; x_wconf 78' lang='lat' dir='ltr'>alveo</span> <span class='ocrx_word' id='word_1_119' title='bbox 324 1298 353 1346; x_wconf 90' lang='lat' dir='ltr'>in</span> <span class='ocrx_word' id='word_1_120' title='bbox 361 1295 480 1346; x_wconf 81' lang='lat' dir='ltr'>Galliam</span> <span class='ocrx_word' id='word_1_121' title='bbox 491 1300 629 1357; x_wconf 83' lang='lat' dir='ltr'>ruentem,</span> <span class='ocrx_word' id='word_1_122' title='bbox 639 1295 775 1357; x_wconf 83' lang='lat' dir='ltr'>disiectis,</span> <span class='ocrx_word' id='word_1_123' title='bbox 786 1311 860 1361; x_wconf 89' lang='lat' dir='ltr'>quae</span> <span class='ocrx_word' id='word_1_124' title='bbox 880 1358 885 1364; x_wconf 35' lang='lat'>,</span> 
     </span>
     <span class='ocr_line' id='line_1_19' title="bbox 57 1362 886 1425; baseline 0 -11"><span class='ocrx_word' id='word_1_125' title='bbox 57 1364 250 1425; x_wconf 84' lang='lat' dir='ltr'>morabantur,</span> <span class='ocrx_word' id='word_1_126' title='bbox 270 1363 378 1415; x_wconf 83' lang='lat' dir='ltr'>effudit.</span> <span class='ocrx_word' id='word_1_127' title='bbox 407 1362 454 1414; x_wconf 86' lang='lat' dir='ltr'>Sic</span> <span class='ocrx_word' id='word_1_128' title='bbox 464 1363 540 1412; x_wconf 85' lang='lat' dir='ltr'>velut</span> <span class='ocrx_word' id='word_1_129' title='bbox 550 1364 649 1413; x_wconf 86' lang='lat' dir='ltr'>abacto</span> <span class='ocrx_word' id='word_1_130' title='bbox 660 1377 750 1423; x_wconf 74' lang='lat' dir='ltr'>ariane,</span> <span class='ocrx_word' id='word_1_131' title='bbox 762 1365 859 1414; x_wconf 87' lang='lat' dir='ltr'>tenuis</span> <span class='ocrx_word' id='word_1_132' title='bbox 882 1365 886 1371; x_wconf 89' lang='lat'>&#39;</span> 
     </span>
     <span class='ocr_line' id='line_1_20' title="bbox 58 1427 860 1500; baseline 0 -18"><span class='ocrx_word' id='word_1_133' title='bbox 58 1431 168 1492; x_wconf 77' lang='lat' dir='ltr'>alveus,</span> <span class='ocrx_word' id='word_1_134' title='bbox 192 1431 312 1480; x_wconf 86' lang='lat' dir='ltr'>insulurn</span> <span class='ocrx_word' id='word_1_135' title='bbox 323 1434 399 1484; x_wconf 88' lang='lat' dir='ltr'>inter</span> <span class='ocrx_word' id='word_1_136' title='bbox 409 1427 633 1500; x_wconf 79' lang='lat' dir='ltr'>Germanosque,</span> <span class='ocrx_word' id='word_1_137' title='bbox 657 1431 860 1482; x_wconf 81' lang='lat' dir='ltr'>continentium</span> 
     </span>
     <span class='ocr_line' id='line_1_21' title="bbox 59 1495 859 1564; baseline -0.003 -13"><span class='ocrx_word' id='word_1_138' title='bbox 59 1505 200 1551; x_wconf 83' lang='lat' dir='ltr'>terrarum</span> <span class='ocrx_word' id='word_1_139' title='bbox 217 1500 336 1564; x_wconf 83' lang='lat' dir='ltr'>speciem</span> <span class='ocrx_word' id='word_1_140' title='bbox 352 1497 466 1550; x_wconf 83' lang='lat' dir='ltr'>fecerat.</span> <span class='ocrx_word' id='word_1_141' title='bbox 502 1499 655 1548; x_wconf 71' lang='lat' dir='ltr'>Transisse</span> <span class='ocrx_word' id='word_1_142' title='bbox 666 1495 793 1551; x_wconf 83' lang='lat' dir='ltr'>llbenu&#39;m</span> <span class='ocrx_word' id='word_1_143' title='bbox 803 1499 859 1549; x_wconf 81' lang='lat' dir='ltr'>Tu·</span> 
     </span>
     <span class='ocr_line' id='line_1_22' title="bbox 59 1566 859 1634; baseline -0.003 -15"><span class='ocrx_word' id='word_1_144' title='bbox 59 1574 227 1634; x_wconf 84' lang='lat' dir='ltr'>torqueque</span> <span class='ocrx_word' id='word_1_145' title='bbox 242 1572 271 1618; x_wconf 89' lang='lat' dir='ltr'>et</span> <span class='ocrx_word' id='word_1_146' title='bbox 283 1568 418 1625; x_wconf 78' lang='lat' dir='ltr'>Classicus</span> <span class='ocrx_word' id='word_1_147' title='bbox 434 1572 463 1617; x_wconf 89' lang='lat' dir='ltr'>et</span> <span class='ocrx_word' id='word_1_148' title='bbox 477 1572 588 1618; x_wconf 90' lang='lat' dir='ltr'>centum</span> <span class='ocrx_word' id='word_1_149' title='bbox 603 1566 739 1617; x_wconf 82' lang='lat' dir='ltr'>tredecim</span> <span class='ocrx_word' id='word_1_150' title='bbox 754 1566 859 1617; x_wconf 69' lang='lat' dir='ltr'>Treve-</span> 
     </span>
    </p>

    <p class='ocr_par' dir='ltr' id='par_1_9' title="bbox 34 1634 865 1976">
     <span class='ocr_line' id='line_1_23' title="bbox 34 1634 860 1705; baseline -0.005 -16"><span class='ocrx_word' id='word_1_151' title='bbox 34 1692 38 1705; x_wconf 49' lang='grc'><strong>,</strong></span> <span class='ocrx_word' id='word_1_152' title='bbox 58 1650 153 1689; x_wconf 87' lang='lat' dir='ltr'>rorum</span> <span class='ocrx_word' id='word_1_153' title='bbox 171 1634 334 1687; x_wconf 82' lang='lat' dir='ltr'>Senatores:</span> <span class='ocrx_word' id='word_1_154' title='bbox 363 1637 393 1685; x_wconf 89' lang='lat' dir='ltr'>in</span> <span class='ocrx_word' id='word_1_155' title='bbox 413 1636 476 1702; x_wconf 90' lang='lat' dir='ltr'>quis</span> <span class='ocrx_word' id='word_1_156' title='bbox 493 1634 675 1699; x_wconf 73' lang='lat' dir='ltr'>suitlllpinus</span> <span class='ocrx_word' id='word_1_157' title='bbox 694 1634 860 1697; x_wconf 76' lang='lat' dir='ltr'>Montanus,</span> 
     </span>
     <span class='ocr_line' id='line_1_24' title="bbox 59 1702 860 1772; baseline 0.001 -18"><span class='ocrx_word' id='word_1_158' title='bbox 59 1718 142 1772; x_wconf 89' lang='lat' dir='ltr'>quem</span> <span class='ocrx_word' id='word_1_159' title='bbox 156 1718 173 1754; x_wconf 86' lang='lat' dir='ltr'>a</span> <span class='ocrx_word' id='word_1_160' title='bbox 187 1702 280 1754; x_wconf 91' lang='lat' dir='ltr'>Primo</span> <span class='ocrx_word' id='word_1_161' title='bbox 294 1704 418 1754; x_wconf 85' lang='lat' dir='ltr'>Antonio</span> <span class='ocrx_word' id='word_1_162' title='bbox 431 1704 548 1753; x_wconf 87' lang='lat' dir='ltr'>missum</span> <span class='ocrx_word' id='word_1_163' title='bbox 563 1704 591 1751; x_wconf 94' lang='lat' dir='ltr'>in</span> <span class='ocrx_word' id='word_1_164' title='bbox 608 1702 714 1754; x_wconf 83' lang='lat' dir='ltr'>Gallias</span> <span class='ocrx_word' id='word_1_165' title='bbox 729 1703 860 1767; x_wconf 76' lang='lat' dir='ltr'>superius</span> 
     </span>
     <span class='ocr_line' id='line_1_25' title="bbox 58 1767 857 1835; baseline -0.001 -12"><span class='ocrx_word' id='word_1_166' title='bbox 58 1767 282 1824; x_wconf 74' lang='lat' dir='ltr'>memoravimus.</span> <span class='ocrx_word' id='word_1_167' title='bbox 311 1772 504 1823; x_wconf 75' lang='lat' dir='ltr'>comitabatur</span> <span class='ocrx_word' id='word_1_168' title='bbox 514 1786 577 1822; x_wconf 90' lang='lat' dir='ltr'>eum</span> <span class='ocrx_word' id='word_1_169' title='bbox 588 1770 678 1821; x_wconf 82' lang='lat' dir='ltr'>frater</span> <span class='ocrx_word' id='word_1_170' title='bbox 687 1770 722 1821; x_wconf 83' lang='lat' dir='ltr'>l).</span> <span class='ocrx_word' id='word_1_171' title='bbox 732 1771 857 1835; x_wconf 77' lang='lat' dir='ltr'>Alpinus.</span> 
     </span>
     <span class='ocr_line' id='line_1_26' title="bbox 57 1839 859 1903; baseline -0.004 -11"><span class='ocrx_word' id='word_1_172' title='bbox 57 1840 149 1893; x_wconf 80' lang='lat' dir='ltr'>Simul</span> <span class='ocrx_word' id='word_1_173' title='bbox 160 1842 248 1891; x_wconf 88' lang='lat' dir='ltr'>ceteri</span> <span class='ocrx_word' id='word_1_174' title='bbox 259 1841 440 1891; x_wconf 83' lang='lat' dir='ltr'>miseratione</span> <span class='ocrx_word' id='word_1_175' title='bbox 452 1854 485 1896; x_wconf 84' lang='lat' dir='ltr'>ac</span> <span class='ocrx_word' id='word_1_176' title='bbox 493 1839 577 1891; x_wconf 84' lang='lat' dir='ltr'>donis</span> <span class='ocrx_word' id='word_1_177' title='bbox 586 1840 859 1903; x_wconf 84' lang='lat' dir='ltr'>auxiliacoucibant,</span> 
     </span>
     <span class='ocr_line' id='line_1_27' title="bbox 57 1908 865 1976; baseline -0.006 -15"><span class='ocrx_word' id='word_1_178' title='bbox 57 1911 135 1963; x_wconf 89' lang='lat' dir='ltr'>inter</span> <span class='ocrx_word' id='word_1_179' title='bbox 144 1914 245 1976; x_wconf 83' lang='lat' dir='ltr'>gentes</span> <span class='ocrx_word' id='word_1_180' title='bbox 255 1909 441 1975; x_wconf 83' lang='lat' dir='ltr'>periculorum</span> <span class='ocrx_word' id='word_1_181' title='bbox 452 1908 555 1960; x_wconf 80' lang='lat' dir='ltr'>avidas.</span> <span class='ocrx_word' id='word_1_182' title='bbox 863 1935 865 1938; x_wconf 95' lang='lat'>-</span> 
     </span>
    </p>

    <p class='ocr_par' dir='ltr' id='par_1_10' title="bbox 51 1974 858 2524">
     <span class='ocr_line' id='line_1_28' title="bbox 110 1974 858 2044; baseline -0.001 -17"><span class='ocrx_word' id='word_1_183' title='bbox 110 1976 172 2028; x_wconf 86' lang='lat' dir='ltr'>XX.</span> <span class='ocrx_word' id='word_1_184' title='bbox 190 1978 366 2044; x_wconf 84' lang='lat' dir='ltr'>Tantumque</span> <span class='ocrx_word' id='word_1_185' title='bbox 377 1976 444 2027; x_wconf 92' lang='lat' dir='ltr'>belli</span> <span class='ocrx_word' id='word_1_186' title='bbox 456 1976 609 2043; x_wconf 79' lang='lat' dir='ltr'>superfuit,</span> <span class='ocrx_word' id='word_1_187' title='bbox 619 1981 652 2027; x_wconf 87' lang='lat' dir='ltr'>ut</span> <span class='ocrx_word' id='word_1_188' title='bbox 661 1974 804 2042; x_wconf 82' lang='lat' dir='ltr'>praesidia</span> <span class='ocrx_word' id='word_1_189' title='bbox 812 1990 858 2026; x_wconf 90' lang='lat' dir='ltr'>co·</span> 
     </span>
     <span class='ocr_line' id='line_1_29' title="bbox 56 2043 857 2111; baseline -0.001 -15"><span class='ocrx_word' id='word_1_190' title='bbox 56 2043 191 2105; x_wconf 83' lang='lat' dir='ltr'>hortium,</span> <span class='ocrx_word' id='word_1_191' title='bbox 211 2046 325 2107; x_wconf 87' lang='lat' dir='ltr'>alarum,</span> <span class='ocrx_word' id='word_1_192' title='bbox 343 2045 498 2111; x_wconf 85' lang='lat' dir='ltr'>legionum,</span> <span class='ocrx_word' id='word_1_193' title='bbox 518 2060 574 2096; x_wconf 90' lang='lat' dir='ltr'>uno</span> <span class='ocrx_word' id='word_1_194' title='bbox 585 2046 631 2096; x_wconf 84' lang='lat' dir='ltr'>die</span> <span class='ocrx_word' id='word_1_195' title='bbox 642 2046 736 2095; x_wconf 77' lang='lat' dir='ltr'>Civilis</span> <span class='ocrx_word' id='word_1_196' title='bbox 747 2044 857 2111; x_wconf 84' lang='lat' dir='ltr'>quadri·</span> 
     </span>
     <span class='ocr_line' id='line_1_30' title="bbox 55 2112 857 2181; baseline 0.001 -18"><span class='ocrx_word' id='word_1_197' title='bbox 55 2114 163 2181; x_wconf 85' lang='lat' dir='ltr'>partito</span> <span class='ocrx_word' id='word_1_198' title='bbox 174 2114 321 2165; x_wconf 80' lang='lat' dir='ltr'>invaserit:</span> <span class='ocrx_word' id='word_1_199' title='bbox 351 2112 485 2165; x_wconf 85' lang='lat' dir='ltr'>decimam</span> <span class='ocrx_word' id='word_1_200' title='bbox 499 2113 641 2181; x_wconf 85' lang='lat' dir='ltr'>legionem</span> <span class='ocrx_word' id='word_1_201' title='bbox 651 2114 783 2173; x_wconf 78' lang='lat' dir='ltr'>Arenaci,</span> <span class='ocrx_word' id='word_1_202' title='bbox 812 2127 857 2164; x_wconf 80' lang='lat' dir='ltr'>se-</span> 
     </span>
     <span class='ocr_line' id='line_1_31' title="bbox 55 2178 856 2248; baseline 0 -19"><span class='ocrx_word' id='word_1_203' title='bbox 55 2179 176 2235; x_wconf 81' lang='lat' dir='ltr'>cundam</span> <span class='ocrx_word' id='word_1_204' title='bbox 186 2179 371 2245; x_wconf 85' lang='lat' dir='ltr'>Batavoduri,</span> <span class='ocrx_word' id='word_1_205' title='bbox 392 2187 421 2233; x_wconf 87' lang='lat' dir='ltr'>et</span> <span class='ocrx_word' id='word_1_206' title='bbox 431 2182 552 2233; x_wconf 86' lang='lat' dir='ltr'>Grinnes</span> <span class='ocrx_word' id='word_1_207' title='bbox 563 2183 739 2248; x_wconf 84' lang='lat' dir='ltr'>Vadamque,</span> <span class='ocrx_word' id='word_1_208' title='bbox 756 2178 856 2231; x_wconf 85' lang='lat' dir='ltr'>cohor-</span> 
     </span>
     <span class='ocr_line' id='line_1_32' title="bbox 54 2249 856 2317; baseline -0.006 -14"><span class='ocrx_word' id='word_1_209' title='bbox 54 2251 128 2303; x_wconf 88' lang='lat' dir='ltr'>tium</span> <span class='ocrx_word' id='word_1_210' title='bbox 139 2250 300 2317; x_wconf 80' lang='lat' dir='ltr'>alarumque</span> <span class='ocrx_word' id='word_1_211' title='bbox 312 2255 416 2313; x_wconf 82' lang='lat' dir='ltr'>castra3</span> <span class='ocrx_word' id='word_1_212' title='bbox 437 2252 478 2302; x_wconf 85' lang='lat' dir='ltr'>ita</span> <span class='ocrx_word' id='word_1_213' title='bbox 488 2249 585 2303; x_wconf 84' lang='lat' dir='ltr'>divinis</span> <span class='ocrx_word' id='word_1_214' title='bbox 595 2252 692 2316; x_wconf 84' lang='lat' dir='ltr'>copiis,</span> <span class='ocrx_word' id='word_1_215' title='bbox 709 2255 741 2300; x_wconf 91' lang='lat' dir='ltr'>ut</span> <span class='ocrx_word' id='word_1_216' title='bbox 752 2250 812 2313; x_wconf 84' lang='lat' dir='ltr'>ipse</span> <span class='ocrx_word' id='word_1_217' title='bbox 824 2252 856 2298; x_wconf 82' lang='lat' dir='ltr'>et</span> 
     </span>
     <span class='ocr_line' id='line_1_33' title="bbox 53 2316 856 2386; baseline -0.005 -15"><span class='ocrx_word' id='word_1_218' title='bbox 53 2316 163 2380; x_wconf 81' lang='lat' dir='ltr'>verax,</span> <span class='ocrx_word' id='word_1_219' title='bbox 183 2331 282 2369; x_wconf 87' lang='lat' dir='ltr'>sorore</span> <span class='ocrx_word' id='word_1_220' title='bbox 294 2320 354 2369; x_wconf 87' lang='lat' dir='ltr'>eius</span> <span class='ocrx_word' id='word_1_221' title='bbox 364 2320 494 2386; x_wconf 84' lang='lat' dir='ltr'>genitus,</span> <span class='ocrx_word' id='word_1_222' title='bbox 516 2320 709 2385; x_wconf 82' lang='lat' dir='ltr'>Classicusque</span> <span class='ocrx_word' id='word_1_223' title='bbox 720 2332 752 2366; x_wconf 87' lang='lat' dir='ltr'>ac</span> <span class='ocrx_word' id='word_1_224' title='bbox 763 2316 856 2367; x_wconf 85' lang='lat' dir='ltr'>Tutor</span> 
     </span>
     <span class='ocr_line' id='line_1_34' title="bbox 51 2385 856 2453; baseline -0.012 -12"><span class='ocrx_word' id='word_1_225' title='bbox 51 2402 135 2441; x_wconf 79' lang='lat' dir='ltr'>suani</span> <span class='ocrx_word' id='word_1_226' title='bbox 146 2386 264 2453; x_wconf 83' lang='lat' dir='ltr'>quisque</span> <span class='ocrx_word' id='word_1_227' title='bbox 273 2401 384 2438; x_wconf 82' lang='lat' dir='ltr'>manum</span> <span class='ocrx_word' id='word_1_228' title='bbox 394 2385 553 2439; x_wconf 84' lang='lat' dir='ltr'>traherent:</span> <span class='ocrx_word' id='word_1_229' title='bbox 579 2386 856 2448; x_wconf 85' lang='lat' dir='ltr'>necomniopatrun·</span> 
     </span>
     <span class='ocr_line' id='line_1_35' title="bbox 52 2453 856 2524; baseline -0.007 -15"><span class='ocrx_word' id='word_1_230' title='bbox 52 2456 84 2509; x_wconf 83' lang='lat' dir='ltr'>di</span> <span class='ocrx_word' id='word_1_231' title='bbox 95 2454 208 2515; x_wconf 83' lang='lat' dir='ltr'>fiducia3</span> <span class='ocrx_word' id='word_1_232' title='bbox 239 2455 289 2505; x_wconf 85' lang='lat' dir='ltr'>sed</span> <span class='ocrx_word' id='word_1_233' title='bbox 298 2456 383 2506; x_wconf 78' lang='lat' dir='ltr'>inulte</span> <span class='ocrx_word' id='word_1_234' title='bbox 392 2456 465 2506; x_wconf 80' lang='lat' dir='ltr'>ausis</span> <span class='ocrx_word' id='word_1_235' title='bbox 475 2456 567 2524; x_wconf 72' lang='lat' dir='ltr'>aliqum</span> <span class='ocrx_word' id='word_1_236' title='bbox 578 2456 607 2506; x_wconf 82' lang='lat' dir='ltr'>in</span> <span class='ocrx_word' id='word_1_237' title='bbox 617 2461 698 2521; x_wconf 75' lang='lat' dir='ltr'>parte</span> <span class='ocrx_word' id='word_1_238' title='bbox 706 2453 856 2523; x_wconf 80' lang='lat' dir='ltr'>fortunam</span> 
     </span>
    </p>
   </div>
   <div class='ocr_carea' id='block_1_3' title="bbox 50 2518 938 2660">
    <p class='ocr_par' dir='ltr' id='par_1_11' title="bbox 50 2518 938 2660">
     <span class='ocr_line' id='line_1_36' title="bbox 50 2518 855 2593; baseline -0.01 -14"><span class='ocrx_word' id='word_1_239' title='bbox 50 2522 158 2593; x_wconf 68' lang='lat' dir='ltr'>adfore.</span> <span class='ocrx_word' id='word_1_240' title='bbox 196 2520 283 2574; x_wconf 71' lang='lat' dir='ltr'>Sinite!</span> <span class='ocrx_word' id='word_1_241' title='bbox 293 2518 422 2575; x_wconf 79' lang='lat' dir='ltr'>Cerialem</span> <span class='ocrx_word' id='word_1_242' title='bbox 432 2540 516 2591; x_wconf 83' lang='lat' dir='ltr'>neque</span> <span class='ocrx_word' id='word_1_243' title='bbox 530 2524 599 2575; x_wconf 80' lang='lat' dir='ltr'>sotis</span> <span class='ocrx_word' id='word_1_244' title='bbox 607 2531 732 2582; x_wconf 80' lang='lat' dir='ltr'>cautum,</span> <span class='ocrx_word' id='word_1_245' title='bbox 760 2528 787 2570; x_wconf 84' lang='lat' dir='ltr'>et</span> <span class='ocrx_word' id='word_1_246' title='bbox 793 2519 855 2585; x_wconf 74' lang='lat' dir='ltr'>plu·</span> 
     </span>
     <span class='ocr_line' id='line_1_37' title="bbox 51 2587 938 2660; baseline -0.01 -13"><span class='ocrx_word' id='word_1_247' title='bbox 51 2594 129 2647; x_wconf 75' lang='lat' dir='ltr'>silus</span> <span class='ocrx_word' id='word_1_248' title='bbox 142 2590 246 2647; x_wconf 79' lang='lat' dir='ltr'>nuntiis</span> <span class='ocrx_word' id='word_1_249' title='bbox 262 2588 313 2644; x_wconf 75' lang='lat' dir='ltr'>buc</span> <span class='ocrx_word' id='word_1_250' title='bbox 324 2592 388 2644; x_wconf 80' lang='lat' dir='ltr'>illuc</span> <span class='ocrx_word' id='word_1_251' title='bbox 403 2601 572 2655; x_wconf 81' lang='lat' dir='ltr'>cursantem,</span> <span class='ocrx_word' id='word_1_252' title='bbox 594 2606 673 2659; x_wconf 73' lang='lat' dir='ltr'>posse</span> <span class='ocrx_word' id='word_1_253' title='bbox 684 2588 768 2641; x_wconf 82' lang='lat' dir='ltr'>medio</span> <span class='ocrx_word' id='word_1_254' title='bbox 777 2587 862 2641; x_wconf 78' lang='lat' dir='ltr'>iuter·</span> <span class='ocrx_word' id='word_1_255' title='bbox 937 2657 938 2660; x_wconf 8' lang='grc' dir='ltr'><strong>Ἴ</strong></span> 
     </span>
    </p>
   </div>
   <div class='ocr_carea' id='block_1_4' title="bbox 0 0 1022 3025">
    <p class='ocr_par' dir='ltr' id='par_1_12' title="bbox 0 0 1022 3025">
     <span class='ocr_line' id='line_1_38' title="bbox 0 0 1022 3025; baseline 0 2"><span class='ocrx_word' id='word_1_256' title='bbox 0 0 1022 3025; x_wconf 95' lang='lat' dir='ltr'> </span> 
     </span>
    </p>
   </div>
  </div>
 </body>
</html>
