2034 3025
87 70 263 156 [ornirv.
281 75 365 148 cnr.
378 92 498 149 12-14.
518 91 801 165 [arannem]
828 95 882 156 eso

74 205 217 276 peratoria
237 222 319 258 manu
338 206 519 258 tribueretur:
537 208 608 274 quod
617 206 696 258 -s'ttut
708 217 735 260 et
750 219 882 276 quantum

68 277 166 339 deeus,
185 275 232 326 ubi
239 291 295 342 pur
310 291 400 327 eorum
410 290 537 328 numerus
551 275 728 343 apisceretur,
748 277 794 342 qui
804 279 882 330 adtu-

77 345 172 397 lissent
181 346 304 407 salutem,
314 353 343 395 et
352 343 399 409 qui
407 343 590 409 accepissent?
616 345 670 394 His
681 351 765 412 atque
777 347 881 397 talibus

76 417 259 466 incommune
266 413 381 475 alacres,
392 415 434 475 (et
444 417 536 475 orant,
546 427 616 480 quos
627 413 751 482 pericula
761 411 881 464 fratrum

45 533 49 536 .
77 487 128 537 ont
151 483 372 551 propinquorum
386 469 518 549 “propriis
543 483 665 534 stimulis
685 482 880 545 incenderent)

77 551 242 604 continuum
253 551 300 602 diu
311 555 451 617 noctuque
460 551 518 601 iter
526 552 724 620 properabant.

130 619 203 672 Xlll.
222 621 319 686 quue
331 610 469 670 intentius
479 615 636 687 Vologeses
647 633 775 688 premere
787 621 881 673 obses·

75 704 140 752 sos,
159 688 244 740 modo
258 686 361 738 vallum
375 688 534 754 legionum,
554 688 638 740 modo
649 688 805 772 castellum,
824 705 879 758 quo

67 758 191 812 inbellis
202 763 282 808 aetas
293 755 507 820 defendebatur,
521 755 693 825 adpugnare,
712 758 827 826 propius
839 761 880 810 in·

75 827 196 890 cedens,
210 840 292 892 qnam
302 841 363 877 mos
373 824 495 889 Parthis,
516 827 540 876 si
552 841 586 878 ea
596 828 758 892 temeritate
768 827 880 880 hostem

72 897 107 948 in
125 895 263 964 praelium
284 895 409 960 eliceret.
444 897 481 947 nt
495 893 538 946 illi
551 897 601 947 rix
619 897 813 948 contuberniis
834 911 880 950 ex·

73 965 176 1030 tracti:
195 978 247 1016 neo
261 963 338 1015 aliud
355 963 439 1032 quam
459 963 635 1016 munimenta
651 967 880 1033 propugnabant:

73 1047 144 1104 paro
153 1033 233 1084 iusso
242 1033 340 1095 Ducis,
350 1034 438 1084 etalii
448 1033 564 1100 propria
574 1034 694 1100 ignaria,
703 1039 737 1085 ut
748 1034 880 1086 Corbulo·

1 1145 4 1148 -
73 1117 142 1158 nem
152 1104 341 1170 opperientes,
355 1117 396 1166 ao,
405 1103 430 1153 si
439 1104 482 1154 ris
491 1102 647 1168 ingrueret,
656 1103 777 1170 provisis
788 1118 880 1156 exem·

75 1170 135 1240 plis
144 1170 285 1222 Caudinae
301 1185 334 1222 ao
348 1171 539 1223 Numantinae
555 1171 650 1222 eladis.
669 1186 752 1239 neque
771 1172 880 1224 eundem

75 1240 131 1291 eim
142 1238 318 1302 Samnitibus,
330 1240 428 1293 Italico
433 1241 545 1310 populo,
556 1247 607 1292 aut
617 1239 755 1308 Hispanis,
765 1257 798 1293 ae
808 1239 881 1292 Par-

76 1307 142 1370 etis,
161 1306 278 1361 Romani
295 1303 410 1376 imperii
426 1309 548 1361 aemulis.
589 1307 714 1362 Validam
734 1316 881 1378 quoquest

76 1377 218 1429 laudatam
233 1376 437 1442 antiquitatem,
456 1378 577 1446 quotiens
588 1375 713 1430 Fortuna
728 1386 824 1430 contra
834 1378 881 1429 da·

36 1464 42 1479 r
73 1454 129 1508 ret,
148 1446 235 1498 saluti
249 1447 425 1500 consuluisse:
456 1448 519 1509 Qua
529 1446 726 1515 desperatione
738 1448 879 1502 exercitus

73 1515 143 1568 Dux
154 1518 297 1580 subactus,
316 1518 527 1585 primasntamen
537 1516 651 1567 litteras
662 1515 698 1566 ad
709 1516 880 1583 Vologesen,
892 1537 899 1548 ⁴

73 1601 133 1637 non
151 1586 302 1653 supplices,
321 1579 373 1637 se'd
386 1587 416 1635 in
431 1584 544 1636 modurn
556 1585 700 1651 querentis
712 1586 879 1651 composuit,

74 1654 204 1735 quodpro
214 1654 358 1718 Armeniis,
368 1670 467 1721 semper
478 1652 619 1707 Romanae
630 1652 749 1715 ditionis,
761 1661 811 1703 aut
820 1653 880 1704 sub-

72 1722 153 1785 sectis
162 1722 243 1793 Regi,
263 1740 340 1792 quem
349 1723 503 1791 Imperator
513 1723 662 1788 delegisset,
682 1718 791 1789 bestilia
801 1720 880 1793 face·

72 1800 131 1845 ret:
145 1810 241 1861 pacem
257 1810 291 1845 ex
305 1810 390 1859 aequa
404 1790 507 1841 utilem.
536 1805 584 1841 nec
600 1789 760 1856 praesentia
770 1799 879 1843 tantum

72 1870 224 1930 spectaret:
241 1862 328 1927 besum
343 1859 471 1911 aduersus
484 1859 551 1909 duas
564 1858 691 1979 legiones,
711 1858 777 1910 totis
786 1858 879 1929 Regni

70 1931 178 1983 viribus
197 1928 346 1981 advenisse.-
363 1938 395 1981 at
406 1926 537 1981 Romanis
555 1942 587 1981 or
604 1942 646 1981 em
664 1934 804 1983 terrarum
816 1926 879 1983 reli

71 2016 162 2070 quam,
177 1997 478 2067 quobellumiuuarent.
535 2004 538 2011 ’

28 2109 36 2122 ,
126 2068 200 2123 XlV.
218 2068 261 2127 Ad
271 2083 305 2119 ea
314 2068 480 2137 Vologeses,
498 2066 569 2119 nibil
578 2082 629 2136 pro
640 2083 755 2132 caussa,
773 2068 878 2136 sedop-

71 2139 214 2209 perieudos
224 2136 276 2189 ‘sibi
280 2137 400 2208 fratres,
409 2136 545 2189 Pacorum
555 2152 588 2189 ac
601 2135 760 2200 Tiridaten,
779 2140 883 2189 rescri-

72 2210 144 2276 psit:
164 2206 315 2261 locumillis
335 2215 488 2273 tempusque
503 2205 615 2259 consilio
630 2206 807 2269 destinatum,
826 2222 878 2271 qno

73 2278 108 2329 de
116 2277 246 2331 Armenia
262 2283 420 2328 cernerent.-
438 2274 578 2337 (adiecisse
587 2274 660 2327 Deos
675 2274 786 2345 dignum
796 2273 878 2329 Arsa·

6 2354 10 2359 “
72 2344 328 2411 eidarum,)*simul
337 2354 364 2397 et
374 2346 405 2397 de
415 2343 565 2413 legionibus
574 2344 704 2406 Rotnanis
715 2352 875 2397 statuerent.

72 2418 157 2469 Missi
168 2422 234 2483 post
245 2432 262 2467 a
271 2416 361 2476 Paeto
371 2416 478 2476 nuntii,
499 2420 529 2465 et
538 2412 624 2485 Regis
635 2414 794 2482 colloquium
805 2414 876 2481 peti-

72 2492 149 2549 tum,
170 2488 217 2554 qui
233 2482 367 2549 Vasacen,
387 2483 566 2604 Praffeetum
577 2483 723 2552 equitatus,
734 2483 774 2535 ire
785 2484 877 2534 iussit.

73 2556 146 2607 Tum
157 2549 272 2616 Paetus,
286 2552 424 2618 Lucullos,
465 2553 592 2620 osnpeios,
612 2553 673 2606 etsi
683 2570 736 2621 qua
748 2550 878 2603 Caesares

74 2622 416 2694 obtinentuedouuudaeae
431 2620 574 2679 Aruseaiae
594 2632 725 2693 ugernum
743 2622 866 2675 Vosaee‘
