2034 3025
70 126 72 130 v
108 144 111 159 .
157 122 195 173 20
277 82 505 175 inueniunt
522 118 681 190 [unm
700 118 883 199 ocari.
908 120 914 128 ”

157 230 190 275 ut
204 224 374 289 splendidior
389 224 581 286 obscuriorve,
600 225 702 275 laetari
712 230 913 287 autmeerere3
934 232 966 276 et

157 293 304 360 postquam
323 298 403 345 ortae
422 292 510 345 nubes
530 292 650 344 offecere
664 294 749 356 visui,
768 292 965 361 creditumque

158 362 298 413 eonditum
308 363 476 424 tenebris,ut
486 366 551 413 sunt
559 362 676 413 mobiles
686 360 723 411 ed
733 362 965 430 superstitionem

157 431 301 497 perculsae
315 432 402 483 semel
416 436 539 491 mentes,
559 429 611 481 sibi
625 438 765 485 asianum
774 429 892 498 laborem
897 446 965 498 por·

94 538 98 545 .
157 498 246 563 tendi,
274 514 324 551 suu
342 500 475 572 facinora
517 499 641 551 aversari
658 500 734 563 deos,
761 499 965 554 lamententur.

156 569 298 624 Vtendum
314 569 493 621 inclinatione
510 584 546 620 eu
555 570 671 631 Caesar,
682 574 724 631 et,
739 583 811 635 quae
822 583 904 619 casus
914 570 966 620 ob-

156 640 273 701 tulerat,
287 640 316 689 in
326 640 491 705 sapientiem
501 638 637 689 vertenda
646 643 739 698 ratus,
753 639 892 689 circumiri
900 644 965 689 ten·

54 706 57 716 '
156 711 232 761 torio
247 707 333 759 iubet.
368 710 478 763 Accitur
487 710 611 759 centurio
623 707 763 768 Clemens,
783 713 811 759 et
821 709 845 758 si
855 709 902 774 qui
912 707 965 761 elii

156 778 238 829 bonis
249 777 355 843 entibus
364 779 436 845 greti
447 780 475 828 in
486 777 598 843 vulgus:
619 774 771 845 invigiliis,
784 776 966 839 stationibus,

85 862 93 877 ·
158 847 292 911 custodiis
298 853 440 915 portarum
451 862 482 898 se
491 848 708 911 imerunt,spem
720 845 966 908 offerunt,metum

156 916 315 969 intendunt.
338 914 479 981 Quousque
483 914 576 985 filium
583 914 758 982 imperatoris
768 914 969 967 obsidebimus?

158 984 218 1051 quis
233 985 410 1038 certaminum
419 984 507 1055 finis?
535 982 721 1036 Percennione
736 992 768 1037 et
779 983 906 1036 Vibuleno
922 989 970 1037 sss·v

158 1063 325 1107 crumentum
341 1053 444 1106 dicturi
458 1054 566 1106 sumus?
588 1052 757 1106 Percennius
772 1062 799 1105 et
818 1051 970 1107 Vibulenus

158 1123 293 1190 stipendio
308 1123 452 1186 militibus,
470 1139 554 1193 egros
570 1121 690 1175 emeritis
698 1122 871 1192 largientur?
891 1123 969 1177 deni-

159 1200 224 1259 que,
241 1208 292 1259 pro
303 1190 453 1245 Neronibus
464 1202 491 1244 et
500 1191 617 1253 Drusis,
630 1190 772 1258 imperium
779 1192 874 1258 populi
881 1190 967 1246 Rom.
1007 1228 1009 1235 ·

159 1263 315 1328 capessent?
345 1262 410 1327 quin
421 1262 529 1328 polius,
549 1270 582 1312 ut
595 1260 902 1328 nouissimiinculpum,
921 1263 970 1316 ita

155 1331 241 1397 primi
253 1331 297 1382 'ud
308 1330 501 1397 poenitentium
515 1331 622 1382 sumus!
645 1329 739 1383 Tarda
754 1339 830 1393 sunt,
850 1344 922 1396 quiue
936 1332 970 1385 irs

159 1416 296 1457 corumune,
321 1400 544 1469 sipost-utentur:
568 1395 709 1466 p'rieotnm
725 1400 849 1469 gretiam
867 1401 970 1454 stetim

158 1480 292 1532 mersere,
311 1468 405 1522 esuum
419 1468 544 1536 recipias.
568 1468 733 1536 ⁸Commotin
747 1482 797 1536 per
808 1468 877 1521 haec
887 1484 969 1522 men·

80 1590 85 1596 ,
157 1540 247 1602 fibus,
268 1546 297 1590 et
311 1541 423 1590 intereo
434 1530 720 1604 suspectis,'tironem
730 1553 747 1588 a
758 1545 904 1602 veterano,
927 1541 970 1592 le·

158 1611 270 1676 gionenr
285 1607 594 1675 olegionedissocinnt.
631 1609 704 1659 'l'um
714 1606 807 1659 redire
817 1607 969 1674 paullatim
1007 1642 1008 1645 =

158 1689 238 1728 unior
252 1678 390 1744 obsequii:
411 1679 545 1726 omittunt
553 1674 662 1742 portem
682 1679 774 1742 signa,
788 1679 914 1727 nnumin
926 1677 968 1728 lo·

158 1758 220 1804 eum
239 1747 372 1812 principio
392 1744 537 1811 seditionis
552 1750 734 1815 congregate,
753 1761 819 1796 suas
834 1748 864 1796 in
879 1746 967 1806 sedes
994 1763 998 1768 ’

127 1823 132 1835 '
157 1814 293 1870 referunt

209 1882 310 1935 XXIX.
320 1883 436 1946 Drusus,
442 1888 504 1935 orto
516 1882 562 1936 die
573 1890 602 1935 et
610 1889 712 1935 vocate
721 1884 862 1945 concione,
868 1898 966 1951 quam·

158 1967 240 2021 quem
251 1952 329 2002 rudis
334 1952 452 2017 dicendi,
458 1953 604 2004 nobilitate
609 1955 741 2019 ingenita,
746 1955 966 2017 incusotpriura,

156 2021 258 2090 probet
268 2023 436 2086 praesentia:
447 2027 533 2102 negat
542 2037 570 2074 se
580 2030 685 2073 terrore
695 2030 722 2073 et
730 2019 809 2086 minis
819 2020 966 2090 sincitfls·

157 2105 207 2143 xos
221 2090 259 2142 ud
271 2089 426 2142 modestiam
434 2090 459 2142 si
468 2091 573 2153 cedent,
592 2089 877 2156 sisupplieeseudiot,
896 2090 965 2142 scri·

152 2168 268 2230 pturum
278 2159 372 2224 putri,
391 2167 423 2210 ut
433 2160 562 2227 placatus
572 2159 706 2228 legionum
711 2156 806 2226 preces
815 2159 962 2224 exciperet.

139 2228 317 2291 'orantibus,
340 2231 450 2299 rursum
463 2227 696 2290 'idem'Bluesum
715 2234 744 2290 et
763 2225 796 2278 In
815 2229 964 2292 Apronius,

158 2311 243 2362 eques
253 2295 394 2348 Romanus
406 2312 421 2348 e
431 2294 547 2348 cohorte
557 2297 653 2360 Drusi,
660 2297 808 2362 iustusque
819 2297 963 2358 Catonius,

155 2367 237 2435 primi
247 2365 352 2416 ordinis
362 2367 501 2428 centurio,
520 2365 556 2416 ed
567 2365 709 2420 Tiberium
719 2368 876 2416 mittuntur.
897 2365 964 2415 Cer-

155 2440 245 2486 tstum
259 2432 326 2485 inde
342 2436 499 2496 sententiis,
519 2432 582 2484 cum
593 2434 653 2496 alii,
673 2432 845 2501 opperiendos
855 2435 962 2501 legatos

156 2510 239 2567 etpue
247 2501 357 2554 iuterim
368 2499 494 2552 coenitare
499 2503 717 2569 permulcendum
726 2501 852 2564 militem,
867 2516 963 2554 cense-

156 2577 231 2624 rent:
251 2569 297 2623 alii
304 2605 312 2632 ,
317 2567 486 2641 fortioribus
496 2569 621 2639 remediis
630 2570 778 2638 agendum:
787 2569 858 2622 nibil
865 2569 895 2621 in
905 2572 964 2620 ersl-

153 2654 192 2707 go
206 2637 351 2692 modicum.-
370 2647 487 2702 terrere,
506 2638 536 2690 ssi
547 2647 682 2710 pausent.-
700 2638 962 2707 ubivpertirnuerim,
