2034 3025
100 146 103 151 -
154 105 205 169 roe
252 133 262 144 -
282 83 507 170 incinctum
527 95 683 186 [lewe
700 116 839 189 acea]

151 221 259 289 pudoia
269 227 298 274 et
308 220 415 288 flagitio
426 220 566 284 disseruit,
577 221 673 273 matris
684 236 779 291 preces
791 223 967 275 obtendens:

150 292 273 358 inquam
294 293 391 357 optimi
412 292 545 358 cuiusque
565 293 664 343 secreti
679 295 792 359 questus
812 295 901 359 magis
919 308 967 344 ar·

151 360 314 413 descebant:
332 359 367 411 lei
381 375 447 427 ergo
460 359 513 431 fas
526 358 613 423 caiae,
628 360 842 429 interfectricem
852 360 965 428 nepotis

102 472 108 475 .
151 428 298 497 ndopmere,
316 428 434 497 adloqui,
453 429 558 497 eripere
575 428 707 481 Senatui?
725 431 795 497 qaod
805 428 858 499 pro
874 428 964 482 ornai-

151 499 201 552 bat
211 498 313 551 avan
323 499 395 578 leges
405 497 559 562 obtineant,
579 498 628 551 ani
642 499 804 552 Germanica
813 516 866 552 non
876 498 966 551 conti·
987 498 989 505 '

178 568 185 580 ‘
230 568 240 617 i
260 565 365 619 Vitellii
374 575 401 619 et
417 565 530 621 Veranii
538 584 600 635 voce
610 566 735 637 defletam
748 566 911 620 Gaesarem:
927 566 964 619 ab

149 584 322 705 mactare
332 644 361 689 et
370 635 498 705 Augusta
508 637 644 719 defenerata
655 636 834 691 Plancinam!
845 636 964 705 perinde

117 755 119 758 .
143 722 266 769 xaeneae,
286 714 314 759 et
326 714 402 759 artas
418 715 474 758 tam
487 706 614 777 feliciter
629 715 768 774 expertae,
792 714 914 759 verteret
933 704 964 758 ia

151 774 347 845 Agrippinam,
366 774 503 828 tutanos
517 776 585 839 eius,
606 774 907 845 egregiampaeam'am,
928 790 964 827 ac

148 853 323 913 patraamta
376 844 426 904 fac
435 844 603 897 ntmmritnae
617 845 709 896 donnae
720 844 878 897 exsatiaret.
915 844 964 896 Bi-

152 915 332 980 duumsuper
358 930 419 977 aec,
438 915 560 980 imagine
575 914 749 981 cognitionis,
770 915 963 980 absumptum
1005 910 1009 915 '

52 1035 58 1041 ,
133 1019 136 1022 -
153 985 395 1050 argente'fiberio
410 982 646 1046 liberosPisonis,
668 992 782 1035 ntatrem
797 982 840 1035 ati
855 991 964 1045 tuerent

73 1090 77 1093 -
152 1060 208 1105 tar.
244 1053 294 1116 Et,
310 1068 373 1104 cum
382 1057 560 1105 accusatores
570 1066 603 1104 ac
612 1058 698 1105 testes
709 1053 838 1104 certatim
848 1064 963 1118 perora·

152 1126 225 1183 rent,
235 1123 422 1189 respondente
433 1122 520 1185 nollo,
531 1122 682 1187 miseratio,
700 1137 781 1190 quam
792 1116 905 1183 invidis,
915 1133 963 1191 au-

153 1190 281 1258 gebatur.
304 1192 415 1243 Primus
424 1192 592 1243 sententiam
603 1200 718 1259 rogatus
728 1190 857 1243 Aurelius
868 1188 961 1250 Cotta,

154 1260 268 1324 Consul,
289 1263 375 1324 (nam,
385 1259 528 1313 referente
539 1262 668 1324 Caesare,
683 1262 863 1328 magistratus
875 1268 909 1310 eo
921 1261 962 1307 et·

153 1329 210 1380 iam
223 1344 339 1382 munere
353 1328 559 1397 iungebantur)
580 1344 674 1383 narsen
688 1329 795 1381 Pisonis
814 1326 962 1379 radendam

151 1398 247 1462 'fortia
264 1400 384 1463 censuit3
400 1408 510 1466 partem
524 1398 652 1451 honoram
663 1398 869 1469 pabtitandam:
884 1409 962 1463 part,

154 1477 187 1521 ut
208 1466 256 1523 Cn.
271 1468 378 1535 Pisoni,
391 1467 469 1538 filio,
487 1469 688 1534 concederetur,
707 1468 782 1537 itque
798 1480 964 1535 praenomen

155 1547 286 1592 mutaret.
320 1539 360 1591 M.
372 1539 439 1592 Piso
458 1547 543 1592 exata
559 1538 704 1608 dignitate,
723 1547 751 1591 et
765 1544 875 1603 accepto
889 1533 964 1603 pain·

155 1609 270 1729 pungas
279 1608 411 1671 sestertio,
421 1608 451 1660 in
461 1609 548 1660 decem
558 1624 642 1660 annos
649 1611 829 1676 relegaretur,
840 1617 964 1658 concessa

181 1678 307 1731 anenno
315 1677 512 1745 incolumitate,
527 1675 558 1727 ob
570 1693 664 1744 preces
675 1676 825 1746 Augustae.

209 1747 310 1798 XVlll.
337 1746 430 1798 Multa
449 1759 483 1797 ex
497 1760 538 1796 ea
556 1749 697 1800 sententia
716 1747 843 1814 mitigata
862 1747 928 1794 sunt
947 1755 964 1792 a

156 1813 298 1881 Principes
314 1832 348 1867 ne
357 1829 451 1868 mantea
461 1813 570 1867 Pitonia
575 1814 664 1886 fartis
674 1815 849 1877 eximeretur,
860 1809 964 1882 paaneio

108 1921 111 1927 .
157 1880 329 1948 Mdntonii,
347 1881 500 1952 puiieiium
510 1885 624 1952 patriae
632 1875 756 1958 fecisset,
776 1879 976 1944 IaliAntonii.

155 1951 204 2021 pai
219 1953 324 2005 domam
338 1952 462 2022 Augusti
472 1953 615 2018 violasset,
634 1961 782 2008 manerent.
801 1957 830 2004 et
839 1953 878 2004 Μ.
889 1951 964 2003 Piso·

156 2036 221 2074 sem
235 2023 407 2090 ignominiae
417 2026 534 2088 exemit,
553 2027 743 2091 concessitque
754 2024 780 2076 ei
790 2029 907 2089 paterna
918 2022 964 2072 bo·

157 2098 207 2156 na3
222 2093 291 2144 satis
301 2094 408 2157 firmus,
416 2099 449 2145 ut
459 2108 544 2162 saepe
554 2095 713 2158 memoravi,
724 2092 871 2145 adversum
882 2104 962 2156 pecu·

157 2163 241 2226 uiam,
251 2166 280 2214 et
289 2168 349 2213 tum
357 2161 466 2232 pudore
476 2161 621 2218 absolutae
632 2163 782 2224 Plancinae
792 2159 962 2229 placabilior.

157 2234 248 2301 Atque
263 2225 353 2295 idem,
373 2247 435 2284 cum
447 2232 578 2286 Valerius
588 2231 780 2294 Messallinus',
799 2228 906 2299 signam
916 2241 962 2280 aa·

156 2300 270 2354 teamin
279 2302 345 2354 aelle
354 2300 458 2354 Martis
472 2299 584 2367 Vltoris,
604 2304 722 2354 Caecina
733 2300 866 2362 Severus,
884 2311 962 2350 aram

57 2370 60 2379 “
156 2369 256 2424 ultioni
264 2372 446 2432 statuendam,
461 2374 640 2433 censuissent,
655 2367 809 2438 prohibuit:
830 2365 861 2419 ob
873 2373 959 2419 exter·

118 2498 126 2508 l
156 2455 205 2493 aas
224 2456 257 2492 ea
276 2439 406 2492 victoriae
425 2440 546 2504 sacrari,
566 2441 710 2503 dictitans3
729 2437 875 2491 domestica
889 2435 958 2486 mala

79 2548 103 2566 .·
156 2508 276 2574 tritfitia
289 2508 442 2577 operienda.
476 2509 631 2562 Addiderat
639 2507 829 2570 Messallinus,
852 2501 958 2557 Tiberia

156 2578 184 2659 ιζ
198 2578 342 2648 Augustae
355 2586 382 2631 et
396 2577 533 2632 Antoniae
548 2586 577 2630 et
589 2576 759 2648 Agrippinae
769 2575 913 2643 Drasopae
926 2572 957 2626 oi

155 2648 308 2707 maiatum
322 2642 482 2704 Germanici
498 2656 597 2716 grates
616 2645 750 2716 agendas,
775 2647 957 2710 omiseratque
