2034 3025
156 158 194 211 eo
279 150 507 210 nuunmvu
526 142 683 217 [u.v.7'ss.
698 148 843 217 n.c.15.]

158 231 969 258 -αΨ-ῌ--Ιῄ

158 261 260 313 cellum
270 260 459 322 insimulabat,
474 258 600 312 sinistros
610 260 642 311 de
655 257 764 312 liberio
774 276 909 314 sermones
920 262 969 314 lea·

105 344 108 351 ·
157 329 261 381 baisse:
281 329 440 381 inevitabile
451 330 564 391 crimen,
575 344 637 380 cum
648 343 684 380 ex
693 330 818 382 moribus
829 330 968 398 Principis

157 398 319 452 foedissima
332 412 457 466 quaeque
473 398 610 465 deligeret
624 404 778 461 accusator,
799 400 968 451 obiectaret-

158 484 213 537 que
223 483 281 519 reo.
300 483 372 530 nam,
383 469 448 534 quia
457 482 524 518 vera
535 473 622 529 eraut,
634 468 719 518 etiam
730 467 805 519 dicta
815 469 968 520 credeban·

157 543 214 590 tur.
248 536 363 589 Addidit
378 538 480 603 Hispo,
499 544 619 588 statuam
634 534 761 606 Marcelli
779 537 865 588 altius
886 553 969 605 quam

160 604 309 659 Caesarum
324 605 420 658 sitam.-
439 614 466 657 et
481 605 539 657 alia
553 604 583 658 ὄπ
598 613 702 668 statue,
722 615 865 672 arnpatato
875 605 970 673 cupite

158 674 296 745 Augusti,
315 673 435 743 effigiem
449 672 555 727 Tiberii
566 673 690 727 inditam.
710 673 746 725 ad
766 675 840 744 quod
860 678 971 727 exarsit

160 745 241 807 adeo,
252 750 294 807 ut,
303 749 386 811 rupta
397 745 598 806 taciturnitate,
614 744 810 809 proclamaret,
824 760 853 795 se
863 760 969 811 quoque

160 813 191 867 ia
201 830 233 865 ea
244 829 341 879 caussa
355 814 477 865 letarum
497 812 659 867 seutentiam
674 813 770 880 palam
785 821 813 865 et
826 812 970 864 iuratum:

161 897 216 951 quo
228 884 328 935 ceteris
340 882 436 935 eadem
447 884 599 935 necessitas
609 884 699 934 fieret.
721 882 874 936 Manebaut
884 884 971 934 etiam

161 958 221 1004 tum
241 953 356 1021 vestigia
374 954 518 1004 morientis
538 952 684 1003 libertatis.
726 952 815 1019 Igitur
829 952 879 1003 Cn.
896 951 972 1012 Piso,

164 1019 231 1085 Quo,
248 1022 345 1090 inquit,
361 1022 417 1073 loco
427 1020 554 1085 censebis,
575 1019 695 1074 Caesari
711 1020 858 1089 siprimas,
869 1020 973 1073 babela

162 1090 355 1160 puod'eequar:
374 1090 468 1160 sipost
478 1107 576 1153 omnes,
589 1106 693 1155 vereor,
709 1107 743 1143 ne
752 1090 908 1158 isnprudem
920 1088 974 1140 die·

152 1159 286 1213 ›sentiam
321 1159 469 1213 Permotus
483 1160 539 1223 his,
559 1166 719 1230 quantoque
738 1161 877 1211 incautius
892 1157 973 1211 elfer-

162 1234 251 1292 verat,
271 1230 443 1297 poenitentia
457 1230 567 1297 patiens
582 1229 656 1294 tulit,
676 1229 781 1281 absolvi
793 1244 872 1281 reum
882 1228 973 1292 crimi-

93 1344 96 1355 ,
163 1299 245 1349 nibus
256 1298 418 1351 maiestatis.
437 1299 471 1350 de
481 1299 607 1366 pecuniis
616 1299 777 1366 repetundis
788 1297 825 1349 ad
835 1296 975 1364 recipera-

163 1373 241 1420 tores
252 1368 322 1419 itum
334 1373 385 1420 est.
708 1375 710 1378 “
920 1417 925 1432 ,
1013 1421 1014 1438 χ

216 1432 333 1490 LXXV.
352 1434 409 1488 Nee
420 1434 534 1488 Petrum
544 1436 750 1503 cognitionibus
760 1436 888 1498 satiatus,
901 1432 976 1486 iudi-

164 1506 215 1560 eiis
225 1506 372 1558 adsidebat
385 1508 414 1558 in
429 1521 516 1557 cornu
525 1506 688 1569 tribunalis,
708 1522 743 1559 ne
754 1505 915 1558 Praetorem
928 1519 975 1556 cu·

164 1577 219 1629 ruli
234 1576 403 1643 depelleret,
423 1575 568 1643 multaque
583 1589 616 1626 eo
631 1590 727 1627 eoram
743 1576 875 1627 adversus
886 1575 976 1626 ambi-

163 1651 224 1697 tum
235 1651 264 1697 et
275 1647 429 1712 potentium
440 1659 537 1710 preces
548 1645 707 1696 constituta.
725 1644 774 1696 sed
785 1645 850 1695 dum
860 1645 977 1695 veritati

165 1714 331 1776 consulitur,
341 1715 457 1766 libertas
467 1713 706 1779 corrumpebatur.
738 1713 977 1782 interquaePius

165 1783 304 1846 Aurelius,
315 1779 442 1843 Senator,
456 1786 580 1848 questus,
599 1783 666 1834 mole
673 1781 800 1850 publicae
809 1783 869 1853 pise
880 1783 977 1835 ducta-

166 1849 690 1924 pueaqaarumlabefactasseds'ssuas‚
711 1851 977 1903 auxiliumPatrum

165 1921 322 1974 invocabat.
339 1921 534 1972 resistentibus
549 1923 651 1971 aerarii
661 1920 856 1983 Praetoribus,
868 1920 977 1972 subre-

166 1991 209 2043 uit
219 1990 329 2052 Caesar,
347 1989 523 2057 pretiumque
534 1988 644 2042 aedium
654 1989 770 2042 Aurelio
781 1991 892 2053 tribuit,
914 2004 978 2041 ero·

103 2085 106 2089 ·
166 2058 275 2128 gandae
289 2073 340 2126 pet
355 2057 473 2110 honesta
486 2059 621 2126 pecuniae
637 2060 764 2125 cupiens}
787 2073 870 2128 quarn
889 2057 978 2111 virtu·

166 2136 223 2181 tem
244 2126 293 2179 diu
311 2129 436 2194 retinuit,
458 2142 522 2180 cum
542 2134 650 2180 ceteras
664 2133 789 2181 erueret.
825 2129 978 2194 Propertio

156 2197 268 2260 Celeri,
288 2197 448 2261 Praetorio,
468 2197 577 2250 veniam
597 2199 703 2250 ordinis
724 2198 759 2248 ob
780 2203 980 2265 paupertatem

89 2279 94 2284 '
168 2268 285 2336 petenti,
296 2267 387 2321 decies
398 2269 558 2321 sestertium
567 2267 687 2335 largitus
702 2273 753 2329 est,
768 2268 837 2318 satis
853 2280 978 2334 comper·

168 2337 213 2398 to,
233 2342 362 2403 paternas
372 2338 398 2389 ei
407 2338 551 2404 angustias
562 2351 631 2388 esse.
650 2337 786 2389 tentantis
796 2337 893 2389 eadem
905 2336 980 2388 alios

167 2406 288 2482 probare
302 2421 428 2458 caussam
440 2404 559 2458 Senatui
589 2405 679 2469 iussit,
700 2405 829 2472 cupidine
843 2406 980 2458 severita-

169 2475 218 2536 tis,
232 2473 262 2525 in
273 2473 316 2527 his
327 2477 421 2537 etiam,
432 2488 505 2541 quae
515 2475 571 2525 rite
581 2461 694 2538 iaceret,
705 2476 830 2527 acerbus.
847 2474 924 2527 unde
935 2489 981 2526 ee·

171 2542 225 2595 teri
236 2543 378 2597 silentium
389 2547 417 2595 et
426 2546 619 2609 paupertatem
628 2544 796 2612 confessioni
804 2549 833 2596 et
841 2544 981 2597 beneficio

171 2625 365 2682 praeposuere.
837 2640 839 2645 ·

224 2680 348 2736 mvi
365 2678 473 2736 Eodem
483 2695 557 2736 anuo
572 2681 711 2736 continuis
729 2681 865 2735 imbribus
881 2687 984 2735 auctus

214 2777 223 2784 -
