2034 3025
147 152 183 207 sa
221 153 240 187 ἰ
271 113 503 219 annaurim
521 126 677 219 [aava
692 146 843 219 a.c.19.]·

147 256 260 320 nimiam
279 254 389 306 vivendi
403 253 570 319 cupidinem.
606 252 683 303 idem
699 252 851 306 Catualdae
865 268 958 315 casus,

48 318 51 322 ’
79 323 83 328 ”
147 341 237 392 neque
251 324 327 375 hliud
338 322 504 391 perfugium.
525 320 620 389 pulsus
631 320 704 371 hand
715 322 803 373 multo
814 327 877 388 post
886 322 959 374 Her·

145 395 346 452 mundurorum
358 390 612 459 opibus,etVibilio
624 390 705 441 duce:
716 392 959 459 receptusqueFo·

145 479 207 517 rum
219 464 332 524 lulium,
344 462 532 515 Narbonensis
543 460 652 512 Galliae
663 459 816 528 coloniam,
826 462 958 512 mittitur.

89 577 90 580 ,
145 533 264 586 Barbari
283 538 432 599 utrumque
450 531 589 600 comitati,
618 545 651 581 ne
671 530 779 598 quietas
798 532 958 600 provincias

85 619 88 627 ’
145 604 265 655 immixti
280 603 441 663 turbarent,
465 600 624 651 Danubium
639 599 729 663 ultra,
751 600 825 651 inter
840 598 989 651 Ruminae

146 674 258 724 Marum
269 676 298 723 et
307 671 422 734 Cusum,
435 669 578 739 locantur,
593 669 663 720 dato
669 669 743 737 Rege
752 668 863 721 Vannio
868 704 876 731 ,
890 683 959 737 gen·

98 754 103 763 ·
127 763 129 766 ·
144 743 183 794 tis
194 740 366 803 Quadorum.
687 755 689 759 ·

199 810 298 863 LXIV.
317 807 406 860 Simul
421 808 565 871 nuntiato,
585 805 690 875 Regem
703 804 852 861 Artaxiam
861 805 959 859 Arme·

145 878 201 933 niis
215 895 233 930 a
246 877 411 931 Germanico
422 878 531 941 datam,
553 877 700 929 decrevere
712 876 824 941 Patres,
840 884 874 928 at
886 878 959 929 Ger·

65 1004 68 1008 ,
146 947 268 1001 manicae
278 945 476 1012 atqaeDraaat
485 954 595 999 anantes
605 944 698 997 arbem
708 945 866 998 introirent.
883 952 958 997 stm-

146 1020 186 1070 cti
196 1022 224 1069 ct
233 1031 323 1080 arcus,
334 1017 440 1068 circum
447 1016 538 1067 latera
548 1016 642 1081 templi
654 1015 754 1066 Martis
764 1015 882 1077 Vltoris,
893 1031 957 1067 cum

147 1087 238 1155 effigie
249 1086 411 1138 Caesarum:
430 1086 549 1137 laetiore
559 1085 685 1148 Tiberio,
702 1086 768 1151 quia
782 1100 875 1153 pacem
886 1086 959 1152 sapi·

63 1174 68 1184 .
94 1196 96 1199 ψ
147 1158 225 1209 entia
238 1157 412 1219 firmaverat,
431 1170 514 1223 quam
529 1156 552 1207 si
562 1154 668 1206 bellum
678 1169 727 1221 per
737 1155 811 1207 acies
822 1152 959 1206 con-fecis·
974 1205 978 1209 .

146 1231 199 1277 sot.
213 1225 325 1292 ..Igitur
338 1224 527 1292 Rhescuporis
547 1238 671 1291 quoque,
692 1223 828 1276 'l'hraciae
843 1224 959 1291 Regem,

147 1295 392 1361 astuadgreditur.
428 1294 617 1345 Omnemeam
627 1294 768 1345 nationem
779 1292 959 1345 Rhoemetal-

148 1380 195 1417 ces
209 1369 351 1415 tenueratr
371 1376 426 1431 quo
437 1361 582 1425 defuncto,
600 1364 740 1430 Augustus
750 1368 856 1429 partem
868 1360 959 1414 Thra·

148 1448 212 1486 cum
223 1432 432 1501 Rhescuporidi,
444 1431 526 1483 fratri
537 1433 606 1494 eius,
616 1437 723 1499 partem
734 1434 792 1484 tilio
803 1432 885 1499 Cotyi
897 1446 962 1498 per·

148 1504 234 1556 misit.
253 1504 282 1556 in
296 1519 331 1556 ea
345 1503 479 1555 divisione
494 1516 562 1554 arva
576 1507 605 1554 et
614 1502 697 1555 urbes
706 1506 735 1552 et
744 1503 834 1554 vicina
843 1501 962 1553 Graecis

151 1576 247 1641 Cotyi3
275 1574 350 1642 quod
368 1572 517 1634 incultum,
546 1571 639 1636 ferox,
666 1572 805 1628 adnexum
825 1571 962 1633 hostibus,

149 1641 352 1710 Rhescuporidi
362 1644 458 1694 cessit:
476 1643 656 1710 ipsorumque
668 1643 773 1708 Regum
784 1642 908 1708 ingenia,
918 1640 962 1691 illi

149 1713 219 1763 mite
235 1717 264 1762 et
277 1725 437 1771 amoenum,
457 1708 522 1760 huic
536 1715 631 1773 atrox,
651 1711 759 1762 avidum
775 1715 804 1762 et
817 1711 962 1762 societatis

150 1781 299 1846 impatiens
314 1785 382 1831 erat.
411 1778 466 1830 Sed
476 1780 566 1845 primo
577 1781 696 1832 subdola
705 1780 854 1832 concordia
864 1794 961 1846 egere:

150 1847 406 1915 mothescuporis
413 1849 508 1914 egredi
515 1850 592 1913 fines,
600 1857 708 1902 vertere
719 1851 747 1901 in
757 1865 787 1901 se
793 1849 875 1916 Cotyi
886 1849 963 1912 data,

151 1922 181 1970 et
199 1919 342 1969 resistenti
361 1918 416 1969 vim
437 1916 530 1970 facere
547 1934 554 1982 ;
574 1923 738 1981 cunctanter
755 1920 807 1970 sub
826 1919 963 1986 Augusto,

100 2043 117 2063 ⁶
152 2001 233 2055 quem
244 1993 386 2039 auctorem
397 1988 542 2056 utriusque
552 1990 644 2056 regni,
663 1991 687 2039 si
697 1993 888 2054 sperneretur,
903 1989 962 2038 vin-

86 2108 89 2114 ,
150 2055 241 2108 dicem
255 2058 405 2108 metuebat.
424 2059 577 2120 enimvero,
587 2057 684 2109 audita
693 2059 845 2109 mutatione
857 2057 963 2108 Princi-

150 2126 207 2191 pis,
221 2125 373 2246 impniltltere
383 2125 525 2178 latronum
533 2126 647 2195 globos,
659 2127 820 2182 exscindere
831 2127 961 2190 castella,

127 2209 250 2247 >causas
278 2210 292 2246 e
317 2210 344 2246 o.
719 2211 751 2243 .’
803 2204 806 2214 ’

203 2263 291 2317 va.
319 2263 397 2316 Nihil
419 2281 506 2334 aeque
526 2266 669 2318 Tiberium
691 2266 806 2317 anxium
829 2263 963 2329 habebat,

150 2347 247 2400 quam,
264 2348 300 2385 ue
320 2338 473 2400 composita
491 2337 680 2388 turbarentur.
701 2336 800 2403 deligit
818 2336 961 2387 centurio-

150 2402 229 2465 nem,
248 2403 296 2470 qui
311 2405 453 2465 nuntiaret
467 2406 600 2472 Regibus,
619 2422 652 2458 ne
666 2404 750 2457 armis
761 2405 959 2470 disceptarent:

150 2472 301 2540 statimque
311 2488 328 2524 a
338 2473 426 2540 Cotye
437 2474 551 2525 dimissa
562 2480 639 2538 sunt,
654 2490 725 2543 quae
735 2479 895 2542 paraverat,
910 2487 959 2524 au·

30 2549 34 2565 ¹
97 2604 100 2608 ,
149 2539 227 2591 xiiia.
263 2540 447 2609 Rhescuporis
461 2544 527 2594 dcta
541 2545 678 2596 modestia
691 2544 828 2611 pustulat,
847 2541 961 2594 eandem

148 2604 179 2660 in
202 2610 290 2661 locam
311 2611 445 2663 orirerur:
468 2627 546 2677 posse
566 2614 596 2666 de
617 2613 806 2666 controversiis
826 2611 961 2678 colloquia

149 2677 279 2750 transigi.
298 2695 350 2734 nec
364 2679 412 2733 diu
425 2680 583 2748 dubitatum
594 2682 628 2735 de
639 2687 775 2751 tempore,
794 2684 873 2747 loco,
892 2681 959 2736 dein
