2034 3025
61 148 866 268 ninxiv.cneio-raravaiaacssQ

81 281 204 328 ertatem
227 278 405 344 praecipuum
429 277 568 328 maiorum
587 273 728 325 credebat.
773 275 867 343 Igitur
939 331 944 338 ,

61 292 205 396 Rabienus
215 344 326 395 tabulas
338 346 382 407 iis,
397 361 466 412 quoe
478 345 641 406 memoravi,
660 348 690 394 et
699 343 762 393 aliis
772 345 866 396 minua

62 413 238 475 inlustribus,
249 413 310 464 obsi
333 418 389 464 nat.
413 414 487 480 quod
499 412 573 479 apud
583 411 682 463 Patres
693 411 865 462 convictum

62 487 93 533 et
101 473 243 532 Fabianus
253 482 308 532 Ant
347 483 459 548 iusque,
489 497 552 532 cum
566 480 666 532 Rniino
681 490 712 550 et
720 479 867 543 Terentio,

59 547 123 616 iege
135 549 268 600 Cornelia
277 549 454 601 damnantur.
489 547 868 602 Marcellummemoriama·

56 619 162 679 iorum,
184 623 213 668 et
223 633 321 684 preces
331 613 470 681 Caesatis,
488 633 597 686 poenae
607 618 708 686 magis,
729 617 866 688 quamin-

58 685 166 738 iamiae
177 701 318 738 exemere.

93 753 169 806 xm.
179 753 304 806 Perculit
313 757 337 807 ie
348 755 409 807 dies
419 755 583 824 Pompeium
594 727 867 825 quoquenuianun,

56 824 191 876 iuvenem
203 825 414 887 Quaestorium,
433 831 575 894 tamquam
584 826 757 893 flagitiorum
767 825 868 882 Fabia·

57 893 88 946 ni
100 907 234 959 gnarum:
266 895 348 960 eique
365 895 448 946 ltalia
461 901 490 946 et
501 896 652 962 Hispania,
681 895 711 945 in
720 909 775 964 qua
785 900 866 946 ortus

58 966 137 1021 erat,
168 961 350 1014 interdictum
375 967 426 1014 est
471 963 541 1027 Pari,
557 964 714 1030 ignominia
737 963 866 1015 Valerius

57 1027 196 1082 Ponticus
207 1028 349 1094 adiicitur,
388 1031 445 1084 uod
456 1037 534 1094 reos,
555 1046 591 1082 ne
602 1024 675 1098 apud
687 1031 867 1083 Praefectum

54 1098 139 1148 urbis
150 1103 346 1167 arguerentur,
357 1047 392 1150 a}
398 1099 562 1152 Praetorem
574 1098 732 1161 detulisset,
743 1101 866 1161 interim,

59 1167 156 1233 pecie·
165 1165 274 1232 legum,
298 1183 365 1221 mox
374 1167 606 1235 praevaricando,
624 1168 761 1220 ultionem
773 1168 865 1221 eiusa-

58 1251 118 1288 rus.
152 1233 273 1286 Additur
283 1234 404 1288 Senatus
424 1237 566 1289 consulto:
595 1234 643 1302 qai
658 1237 741 1289 talem
758 1251 867 1304 operam

58 1301 243 1370 emptitasset,
272 1305 477 1370 vendidittetne,
497 1304 611 1372 perinde
617 1322 707 1374 poeno
717 1303 868 1367 tenmtttr‘,

56 1389 92 1425 oc
97 1371 207 1440 publico
218 1371 317 1425 iudicio
326 1374 477 1426 calumniae
487 1375 685 1426 condemnatae.

114 1439 200 1492 XLII.
221 1441 302 1493 Haud
313 1441 400 1495 multo
411 1449 476 1510 post
488 1440 758 1509 praefectumurbis,
778 1437 865 1492 Peda-
920 1478 925 1486 .

57 1512 138 1562 nium
148 1507 314 1575 Secundum,
335 1528 432 1565 servus
444 1514 535 1580 ipsius
544 1509 702 1561 interfecit:
721 1525 772 1563 seu
782 1522 866 1576 nega-

57 1585 90 1630 ta
99 1578 244 1641 libertate,
265 1582 309 1632 eui
319 1567 441 1648 pretium
453 1581 611 1649 pepigerat,
623 1580 682 1628 sire
694 1592 789 1628 amore
800 1592 865 1628 exo·

57 1648 112 1703 leti
131 1646 274 1711 intensus,
304 1656 333 1700 et
349 1649 491 1704 dominum
507 1648 647 1699 aemulum
662 1662 719 1696 non
730 1646 864 1699 tolerans.

59 1718 193 1769 Ceterum
208 1732 284 1780 eum,
311 1724 408 1771 vetere
423 1734 457 1771 ex
472 1732 566 1780 more,
593 1715 728 1767 familiam
745 1729 866 1782 onmem,

59 1800 132 1853 quae
144 1787 195 1835 suh
207 1786 305 1837 eodem
321 1793 397 1839 tecto
409 1790 622 1847 mansitaverat,
652 1784 687 1835 ad
698 1784 870 1851 supplicium·

58 1854 108 1921 agi
119 1859 278 1919 oporteret,
308 1872 443 1908 concursu
458 1856 563 1923 piebis,
592 1869 663 1921 quae
679 1859 723 1925 tot
734 1855 865 1904 innoxios

57 1923 237 1991 protegebat,
252 1940 340 1993 usque
351 1926 387 1976 ad
396 1924 566 1977 seditionem
576 1928 690 1975 rentum
702 1930 756 1973 est:
778 1921 863 1973 Sena·
924 1976 930 1987 ,

56 1998 148 2058 tuque
163 1993 192 2041 in
208 1994 269 2059 ipso
286 2000 369 2045 erant
383 1993 476 2044 studia
492 1993 608 2043 nimiam
622 1992 803 2044 serenitatem
819 1990 866 2041 ad-

58 2063 266 2127 spernantium,
281 2062 407 2127 pluribus
417 2060 488 2113 nihil
499 2059 663 2112 mutandum
674 2060 873 2129 censentibus„

57 2128 101 2249 {ila
113 2130 176 2195 quis
189 2130 217 2181 c.
230 2130 352 2195 Cassius,
367 2132 528 2182 sententiae
538 2129 611 2193 loco,
628 2131 658 2180 in
668 2128 741 2182 hune
751 2127 864 2190 modum

80 2198 203 2251 'ssoruit
834 2202 837 2206 ’

110 2264 210 2331 ΧΗΙΙ.
230 2266 471 2335 Saepenumero,P.
484 2264 514 2318 0.
523 2267 553 2320 ἰὴ
567 2266 616 2322 hoc
631 2268 723 2319 ordine
737 2264 866 2336 interfici,

58 2348 120 2385 eum
130 2343 227 2387 contra
237 2335 368 2388 instituta
385 2346 413 2388 et
428 2339 500 2406 teget
516 2337 648 2389 maiorum
662 2352 733 2389 noea
749 2333 866 2388 Senatus

56 2403 171 2453 decreta·
179 2407 402 2471 portularentur:
429 2421 513 2471 neque
528 2420 585 2459 tam
600 2406 774 2457 ateereatm:
800 2420 867 2471 non,

56 2470 124 2539 quio
133 2469 300 2536 dubitarem,
328 2484 408 2546 timer
418 2474 538 2526 ornnibut
552 2473 669 2543 negocio
680 2472 774 2525 meiius
782 2480 865 2541 atque

52 2528 160 2591 ,rectttn
172 2540 234 2593 otior
241 2540 388 2609 provisum,
403 2552 438 2604 et,
453 2556 522 2611 quoe
532 2547 763 2604 converterentur,
783 2540 813 2592 in
823 2540 866 2592 de-
896 2582 900 2588 ,

56 2607 146 2660 terim
156 2610 261 2661 mactari
267 2628 278 2671 ,·
307 2612 353 2662 ted
361 2628 393 2663 nc
408 2612 491 2664 nirrre'o
500 2628 592 2663 amore
602 2609 711 2678 antiqui
720 2607 801 2661 morit
809 2616 867 2660 tta·

14 2734 18 2747 .
58 2676 133 2801 dirplm
143 2694 230 2731 meum
237 2682 369 2798 1entottere
379 2680 493 2733 viderer.
523 2679 619 2744 Simul,
634 2676 769 2799 petitpetit
777 2676 866 2733 toria

112 2748 218 2801 'icrnvs
250 2784 258 2800 .
360 2775 364 2789 ι
651 2747 660 2758 “
