2034 3025
171 97 224 169 2'82
283 94 906 167 ivniinamwiraciras-ao.
1012 190 1013 219 Ν

164 224 309 290 'rationem
330 220 473 269 civitatum
485 220 640 270 sancirent.
694 224 777 284 atque
799 219 840 269 ita
859 220 979 269 inritatis
1012 228 1013 277 l

173 290 314 355 utrimque
324 288 421 337 animis
432 286 596 341 discessum.

124 349 158 366 ””
225 355 357 411 XXVlll.
392 356 496 407 Eadem
507 360 616 407 aestate
629 353 729 407 cohors
739 354 919 422 Vsipiorum,
936 371 982 421 per

140 449 144 456 ·
174 426 340 479 Germanias
359 426 529 489 conscripta,
559 419 587 474 in
611 424 788 476 Britanniam
808 426 982 486 transmissa,

174 503 305 563 magnum
324 508 358 545 ac
379 494 561 545 memorabile
580 492 688 545 facinus
708 508 777 545 ausa
796 498 848 543 est.
887 493 982 545 Occiso

176 565 346 619 Centurione
356 578 389 615 ae
397 562 541 617 militibus.
560 564 618 629 qui,
639 563 673 615 ad
685 561 852 613 tradendam
866 562 983 628 discipli-

78 635 81 645 '
175 650 240 695 nam
249 632 359 683 inmixti
368 631 531 699 manipulis,
550 632 708 697 exemplum
722 636 752 682 et
765 636 894 681 rectores
905 630 982 683 habe·-

101 727 106 732 ·
174 704 287 763 bantur,
297 706 355 753 tres
367 701 525 762 liburnicas,
541 700 647 753 adactis
660 715 710 765 per
718 701 773 749 rim
785 700 981 766 gubernatori·

176 772 239 834 bus,
258 770 440 821 adscendere:
460 776 488 821 et
504 783 558 822 uno
574 771 744 837 remigante,
761 770 905 833 suspectis
921 770 980 821 duo

177 842 240 902 bus,
260 838 526 905 eoqueinterfectis,
546 837 791 904 nondumrulgato
802 852 936 901 rumore,
954 847 982 889 ut

175 906 604 973 miraculum‚praevehebantur.
640 922 706 959 mox
720 904 771 957 hac
785 910 874 973 atque
884 907 937 958 illa
944 924 981 958 ra-

175 978 224 1043 pti,
245 982 354 1027 etcum
376 977 517 1045 plerisque
537 976 745 1037 Britannorum,
765 989 816 1026 sua
838 975 983 1027 defensan-

174 1048 255 1109 tium,
270 1045 378 1113 proelio
390 1047 539 1114 congressi,
553 1060 586 1097 ac
595 1061 676 1113 saepe
686 1048 814 1107 victores,
830 1044 982 1112 aliquando

174 1116 260 1183 pulsi,
281 1129 313 1167 eo
323 1116 358 1165 ad
368 1121 523 1168 extremum
534 1117 766 1182 inopiacrenere,
787 1119 819 1163 ut
830 1114 983 1165 infirmissi-

152 1230 161 1237 .
174 1199 235 1235 nios
245 1199 367 1245 suorum,
386 1200 452 1235 mox
462 1190 539 1256 sorte
550 1183 656 1247 ductos,
675 1187 867 1235 vescerentur.
896 1188 983 1251 Atque

174 1254 215 1302 ita
226 1254 401 1303 circumvecti
412 1253 593 1315 Britanniam,
614 1253 721 1303 amissis
731 1266 780 1317 per
789 1252 938 1305 inscitiam
949 1269 984 1303 re-

173 1320 257 1389 gendi
266 1321 389 1383 naribus,
400 1336 450 1387 pro
461 1321 648 1386 praedonibus
657 1318 882 1385 habiti,primum
894 1336 914 1373 a
926 1321 985 1372 Sue-

83 1426 85 1429 ·
173 1392 223 1452 vis,
233 1389 432 1441 nrirxaFrisiis
442 1392 587 1455 intercepti
598 1393 670 1453 sunt.
706 1403 739 1439 ac
748 1388 838 1451 suere,
856 1404 932 1457 quos
942 1406 986 1457 per
1012 1452 1013 1463 γ

174 1460 340 1512 commercia
349 1460 541 1520 venumdatos,
561 1460 632 1509 etin
648 1462 773 1509 nostram
787 1472 880 1525 usque
899 1462 985 1527 ripam

173 1531 328 1581 mutatione
340 1531 489 1579 ementium
506 1527 654 1590 adductos,
674 1527 805 1578 indicium
818 1531 897 1578 tanti
908 1545 986 1580 maus

173 1599 340 1649 inlustravit.
376 1599 459 1649 lnitio
470 1598 584 1648 aestatis
599 1596 740 1663 Agricola,
759 1595 922 1648 domestico
932 1598 988 1648 rul-

174 1683 240 1719 nere
249 1669 330 1730 ictus,
339 1681 412 1717 anno
422 1671 487 1716 ante
498 1671 593 1716 natum
603 1664 691 1715 filium
701 1665 801 1716 arrisit
840 1665 937 1726 Quem
949 1683 989 1717 ca-

174 1751 235 1788 sum
246 1727 344 1802 ireque,
364 1742 396 1786 ut
406 1736 531 1802 plerique
546 1733 661 1784 sortium
671 1735 804 1796 virorum,
826 1735 989 1796 ambitiose,

175 1820 263 1871 neque
273 1820 324 1870 per
338 1803 462 1855 lamenta
476 1817 572 1852 rursus
589 1818 622 1853 ac
637 1817 790 1854 maerorem
805 1803 990 1857 muliebriter

175 1874 248 1925 tulit.
286 1878 314 1923 et
323 1875 351 1922 in
361 1873 439 1923 luctu
453 1872 558 1924 bellum
569 1873 643 1922 inter
655 1871 778 1923 remedia
789 1877 860 1923 erat

226 1941 328 1992 XXIX.
363 1942 452 2006 Igitur
471 1941 624 2005 praemissa
643 1939 744 2002 classe,
763 1955 835 2006 quaa
855 1940 990 2006 pluribus

173 2008 244 2059 locis
256 2009 399 2072 praedata,
417 2024 548 2075 magnum
562 2014 592 2060 et
604 2011 741 2060 incertum
755 2013 904 2060 terrorem
921 2012 991 2063 face
1012 2065 1013 2072 ,

76 2093 79 2098 ·
165 2081 229 2137 ret,
238 2077 369 2141 expedito
380 2075 514 2140 exercitu,
525 2079 570 2127 eui
580 2093 614 2128 ex
623 2078 766 2128 Britannis
773 2075 956 2132 fortissimos
965 2090 991 2131 et

176 2145 260 2212 longa
270 2159 337 2211 pace
348 2145 505 2210 exploratos
521 2146 678 2209 addiderat,
699 2146 735 2196 ad
749 2151 878 2200 montem
891 2151 988 2202 Grani·

174 2216 250 2282 pinni
267 2216 405 2279 pervenit,
430 2230 511 2280 quern
527 2217 582 2264 iam
597 2214 691 2266 hostes
705 2215 881 2267 insederant.
924 2220 988 2271 Nan

174 2284 312 2344 Britanni,
326 2281 394 2332 nihil
406 2282 487 2333 fracti
498 2298 607 2350 pugnae
618 2285 718 2350 prioris
730 2289 844 2346 eventu,
867 2293 904 2338 et
915 2289 989 2338 ultio

175 2367 239 2401 nem
258 2357 308 2400 aut
325 2354 468 2402 servitium
490 2358 690 2416 exspectantes,
710 2353 889 2418 tandemque
911 2357 992 2414 docti,

175 2431 321 2467 commune
331 2418 485 2482 periculum
500 2420 650 2470 concordia
664 2421 907 2488 propulsandum,
922 2427 993 2494 lega·

173 2485 296 2532 tionibus
309 2492 339 2533 et
352 2485 513 2535 foederibus
529 2488 650 2536 omniurn
665 2489 809 2539 civitatum
825 2491 909 2544 vires
926 2497 996 2546 exci-
1012 2531 1013 2534 η

174 2555 279 2597 verant.
311 2550 426 2615 lamque
435 2566 519 2614 snper
527 2554 644 2616 triginta
654 2555 742 2606 millia
751 2561 941 2614 armatorum
953 2565 998 2614 ad·
1012 2557 1013 2614 ξ

174 2615 374 2680 spiciebantur,
394 2623 423 2668 et
432 2617 523 2668 adlice
533 2617 675 2673 adfluebat
689 2623 778 2676 omnia
790 2626 954 2696 iuventus,
974 2617 1013 2688 erl
