2034 3025
29 133 459 196 memnonem-31.
479 136 772 210 [amassem]
793 141 844 198 aar

32 243 177 310 supremis
197 243 358 292 testamenti
383 241 475 293 verbis
494 242 652 293 ambitionis
672 243 846 296 manifestus.

35 315 142 382 quippe
153 310 244 362 multa
253 312 282 362 in
292 309 429 362 Neronem
441 309 601 363 adulatione
610 310 731 373 addidit,
759 311 845 363 sudis·

33 391 147 434 crurum
157 378 183 432 ei
189 379 359 448 provinciam
364 379 465 452 fuisse,
482 379 506 431 ss'
517 379 622 433 Manio
628 379 754 448 proxim
763 379 835 431 rixis

35 461 88 504 set.
126 448 181 501 Sed
190 455 251 501 tum
262 447 406 500 Paullinus
417 449 568 502 Suetonius
584 449 727 502 obtinebat
735 449 847 500 Britan·

33 535 99 584 nos,
115 517 360 570 seientiamilitiae
370 525 399 570 et
409 518 634 586 rumorepopuli,
649 519 695 588 qui
705 520 846 570 neminem
935 549 938 556 -

34 592 100 642 sine
111 586 222 639 aemulo
232 588 308 649 sinit,
320 585 685 640 Corbulonis'eoncertator:
704 583 862 654 receptae?

34 674 91 726 que
101 657 250 710 Armeniae
261 656 346 713 decus
355 669 490 724 aequare,
506 657 631 710 'domitis
645 657 844 736 perduellibus,

34 729 163 796 cupiens.
200 725 553 792 lgiturlllonamineulam,
577 725 847 779 incolrsralidamet

34 793 249 862 receptaculum
261 793 452 862 pentagonum,
469 795 584 864 adgredi
596 802 685 865 parat,
705 808 845 863 aaronque

35 867 196 919 fabricatur
204 863 288 931 plano
298 863 387 927 alveo,
406 864 540 917 adversus
549 866 633 918 breve
643 865 710 916 litas
720 872 749 918 et
758 865 846 916 ineer-

35 943 108 987 tuni.
146 931 192 985 Sic
207 933 301 1000 pedes.
336 935 444 1001 equites
454 933 526 986 rado
541 937 644 997 secuti,
672 934 845 987 aetaltiores

34 1009 113 1058 inter
124 1002 224 1067 undas,
243 1001 379 1055 adnantes
390 1003 478 1070 equis,
496 1005 685 1056 transmisere.

88 1073 182 1126 XXX.
199 1071 299 1128 Stabat
309 1087 360 1140 pro
371 1071 456 1126 litore
470 1071 580 1125 diversa
590 1074 679 1135 acies,
707 1071 793 1126 densa
803 1089 847 1124 ar.

36 1143 241 1210 misririsque,
268 1143 518 1194 intercursantibus
537 1141 660 1204 leminis,
688 1141 717 1192 in
731 1141 845 1192 modum

35 1215 200 1274 Furiarum,
220 1223 291 1279 quae
301 1215 379 1263 reste
391 1210 480 1275 ferali,
495 1210 616 1264 crinibus
626 1210 750 1274 deiectis,
770 1210 846 1263 taces

36 1281 245 1350 praeferebant.
291 1280 471 1357 Druidaeque
495 1283 627 1344 circum,
642 1295 737 1349 preces
760 1281 846 1342 diras,

36 1352 160 1405 sublatis
171 1349 207 1401 sd
218 1349 325 1408 caelum
336 1351 472 1414 manibus,
492 1347 651 1412 fundentes,
666 1351 790 1402 novitate
800 1348 847 1399 ad·

37 1428 154 1490 spectus
173 1419 316 1486 perculere
336 1418 454 1484 milites,
489 1422 535 1482 ut,
564 1418 645 1486 quasi
668 1415 848 1468 haerentibus

37 1489 186 1552 membris,
221 1488 351 1542 inmobile
372 1502 473 1557 corpus
492 1486 651 1540 vulneribus
671 1485 847 1553 praeberent.

37 1562 126 1624 Dein,
147 1557 386 1618 cohortationibus
395 1559 497 1621 Ducis,
521 1562 590 1610 etse
600 1556 652 1622 ipsi
662 1554 848 1617 stimulantes,

37 1648 71 1685 ne
82 1628 222 1683 muliebre
233 1633 262 1681 et
276 1629 427 1680 fanaticum
443 1641 543 1695 agmen
557 1630 751 1692 pavescerent,
778 1623 848 1674 infe·

37 1707 106 1752 runt
116 1700 206 1766 signa,
215 1702 398 1765 sternuntque
409 1697 513 1759 obrias,
528 1701 557 1747 et
565 1696 625 1765 igni
634 1709 684 1746 suo
695 1692 847 1745 involvunt.

37 1768 216 1822 Praesidium
227 1765 343 1834 posthac
353 1768 501 1835 inpositum
512 1766 619 1829 victis,
635 1766 774 1831 excisique
783 1762 848 1825 luci,

36 1840 132 1893 saeris
153 1838 395 1903 superstitionibus
417 1840 497 1889 sacri.
533 1850 598 1887 nam
619 1848 720 1887 eruore
739 1834 847 1900 captivo

37 1909 159 1961 adolere
169 1921 232 1959 eras
242 1912 271 1959 et
280 1905 421 1958 hominum
438 1906 516 1957 libris
527 1903 773 1966 consuleremus,
804 1900 848 1953 fas

38 1977 190 2031 habebant.
219 1974 299 2028 Haec
310 1977 404 2044 agenti
415 1973 559 2037 Suetonio,
575 1971 718 2042 repentino
730 1971 848 2045 dejectis
886 2021 889 2028 .

34 2046 197 2115 provinciae
207 2046 361 2096 nuntiatur.

93 2112 196 2168 xxxi.
214 2115 274 2167 Rex
285 2116 430 2167 Icenorum
440 2113 621 2181 Prasutagus,
638 2109 845 2180 longeopulen·
877 2130 891 2153 κ

38 2188 78 2239 tia
89 2185 198 2248 clarus,
217 2184 365 2236 Caesarem
376 2182 540 2247 haeredem,
563 2180 770 2250 duasquetlliae
780 2181 846 2248 seri·

39 2259 146 2324 pserat,
165 2254 217 2307 tali
229 2254 372 2321 obsequio,
390 2256 483 2316 ratus,
503 2253 683 2319 Regnumque
694 2256 724 2301 et
732 2250 847 2302 domum

40 2340 121 2376 suam
132 2323 229 2389 procul
239 2322 428 2375 iniuriaforer
453 2320 739 2390 quodcontrarertit:
765 2315 845 2380 adeo,

41 2400 72 2445 ut
83 2392 209 2461 Regnum
220 2408 270 2459 per
279 2393 470 2455 Centuriones,
486 2390 584 2443 domas
593 2404 756 2457 persensus,
770 2388 848 2440 relut

42 2466 125 2529 capta
139 2466 325 2514 vastarentur.
360 2464 417 2516 lam
430 2462 547 2528 primum
563 2474 635 2511 uxor
645 2460 718 2521 eius,
746 2458 847 2510 Boedi-

41 2526 846 2667 ttulit?{iterimattitulareturilll

456 2635 464 2661 ς
495 2652 498 2655 .

44 2670 151 2722 muneri
163 2667 347 2750 accepissent,
375 2668 457 2721 aritia
470 2666 552 2720 bonis
563 2669 718 2728 exuuntur,
747 2666 777 2713 ct
786 2674 847 2728 pro·
