2034 3025
141 119 193 176 ruz
227 178 231 182 ,
277 111 505 178 nuninrvn
527 121 683 192 [nunr-
702 118 843 192 eumq

141 218 359 278 dentur'exsolvi
369 242 462 293 posse:
485 228 534 279 ubi
549 228 667 279 nrultum
684 232 866 292 antevenere,
896 238 961 298 pro'

138 300 231 362 gratia
241 290 334 346 odium
345 297 479 347 redditur.

126 374 129 378 ’
191 364 265 415 ΧΙΧ,
284 365 355 415 Erat
364 379 436 415 uxor
446 364 514 416 Silio
525 364 605 417 Sosia
615 366 708 429 Galla,
723 368 839 419 caritate
849 369 952 435 Agrip-

138 432 220 500 pinae
234 434 326 484 inrisa
338 433 468 499 Principi.
502 436 564 486 Hos
580 438 701 501 conripi,
721 436 808 487 dilato
827 436 863 502 ad
878 442 954 487 tem·¹

136 515 190 567 pus
204 500 336 564 Sabino,
349 502 492 567 pluoiturn:
520 504 703 571 inmissusque
724 504 812 555 Varro
834 504 951 568 Consul,

137 572 199 637 qui,
208 577 340 637 paternae
348 570 509 622 inirrnieitint
521 566 688 635 obtendens,
709 574 779 624 odiis
790 572 883 625 Seiani
895 588 952 639 per

136 638 256 690 dedecus
276 655 356 689 suum
375 642 596 707 gratificabatur.
622 648 752 708 precante
772 657 820 694 reo
841 642 951 695 brevem

136 722 252 770 meram,
270 708 333 759 dnm
343 718 485 761 accersatur
496 708 646 762 Consulatu
660 710 764 773 abiret,
783 711 950 763 adversatus

138 782 181 827 est
192 777 304 827 Caesar.
339 777 448 829 solitum
458 778 556 847 quippe
567 778 775 848 magistratibus
781 816 789 843 ,
808 780 878 830 diem
885 779 957 847 pri-¹

26 881 57 903 Δ,
97 893 99 896 ,
136 844 210 896 eutis
220 844 324 897 dicere.-
340 862 389 898 nee
398 846 605 919 infringendum
618 846 740 900 Contulit
750 848 802 909 ius,
822 864 898 899 eratne
908 851 949 899 o‘e·

134 912 214 981 giliis
224 913 370 976 niteretur,
380 930 413 967 ne
424 916 624 983 pnodRerpubl.
632 916 950 991 detptrnentnrrr‹eaperet.'

137 982 284 1050 Proprium
299 984 328 1035 id
338 986 451 1051 Tiberio
462 986 529 1048 fuit,
548 986 655 1038 scelera
672 992 760 1052 nuper
770 992 882 1051 reperta
891 987 949 1053 pri·

137 1054 191 1102 scis
211 1054 302 1103 verbis
323 1054 465 1121 obtegere.
506 1056 597 1121 Igitur
616 1056 705 1105 multa
725 1054 948 1116 adseveratione,

39 1183 41 1187 Α
136 1124 215 1187 quasi
226 1127 276 1172 aut
285 1122 392 1189 legibus
403 1139 464 1178 oum
477 1123 546 1175 Silio
558 1130 697 1191 ageretur,
716 1129 764 1175 aut
775 1124 865 1176 Varro
876 1125 948 1175 Con·
970 1180 972 1187 s

137 1190 195 1252 sul,
219 1194 269 1241 aut
284 1190 354 1241 illud
371 1192 501 1258 Respubl.
517 1197 603 1255 esset,
625 1197 762 1259 coguntur
776 1192 888 1255 Patrem
911 1194 948 1243 si·

136 1258 213 1311 lente
227 1274 286 1322 reo,
304 1260 359 1322 rel,
379 1262 402 1310 si
413 1260 602 1314 defensionem
615 1267 770 1328 coemeret,
790 1277 844 1311 non
856 1260 951 1311 occul-¹

136 1334 224 1389 tante,
243 1327 321 1379 c'uius‘
331 1331 372 1380 ira
382 1336 572 1396 premeretur,
595 1328 766 1382 conscientia
777 1329 839 1381 belli
850 1328 948 1380 Sucro·

136 1396 181 1448 nir
191 1397 239 1449 diu
252 1397 451 1468 dissimulatur,
469 1398 586 1451 victoria
597 1414 649 1467 per
660 1398 807 1450 avaritiam
816 1399 946 1469 foedata,

137 1474 166 1518 et
180 1483 252 1520 exor-
263 1466 356 1532 δαείω,
375 1470 575 1536 arguebantur.
612 1485 663 1522 nee
680 1468 763 1519 dubie
779 1468 947 1534 repetunda·

136 1551 200 1589 rum
216 1533 378 1607 eriminibus
397 1537 562 1590 haerebantr
590 1539 640 1590 sed
660 1544 759 1588 cuneta
781 1539 945 1604 quaestione

138 1607 294 1658 maiestatis
309 1609 447 1670 exercita,
466 1615 494 1658 et
505 1607 590 1659 Silius
600 1608 781 1659 inminentem
793 1607 945 1657 damnatio·
961 1622 963 1626 ·

48 1694 50 1698 ’
111 1745 114 1750 ¹
137 1690 203 1726 uem
213 1676 372 1727 voluntario
384 1679 438 1727 iine
449 1678 612 1742 praevertit.

190 1741 250 1795 XX.
269 1743 410 1794 Saevitum
420 1751 515 1796 tamen
525 1747 554 1794 iu
565 1746 651 1808 bona,
671 1759 735 1808 non,
755 1751 787 1796 ut
797 1743 945 1810 stipendia-

60 1802 62 1805 ’
137 1813 188 1864 riis
198 1814 333 1878 pecuniae
348 1813 547 1876 redderentur,
566 1830 682 1880 quorum
696 1829 776 1864 nemo
787 1814 942 1879 repetebat:

137 1881 187 1933 sed
203 1887 232 1932 et
247 1881 400 1932 liberalitas
416 1883 533 1948 Augusti
545 1884 654 1946 avulsa,
674 1885 839 1948 computatis
850 1881 950 1948 singli-z

95 1974 97 1981 v
137 1951 229 2012 latim,
248 1965 319 2016 quae
330 1952 396 2001 liseo
407 1953 584 2016 petebantur.
609 1954 741 2018 euprima
752 1952 865 2002 Tiberio
877 1956 946 2017 erga

68 2032 71 2037 ·
137 2022 282 2087 pecuniam
294 2019 413 2070 alienam
429 2019 574 2088 diligentie
585 2020 645 2071 fuit.
682 2020 762 2071 Sosia
777 2021 804 2070 in
816 2018 943 2070 exsilium

82 2083 86 2091 '
137 2087 255 2156 pellitur
264 2089 349 2138 Asinii
366 2088 439 2139 Galli
454 2087 605 2151 sententie,
634 2091 679 2156 qui
692 2098 801 2156 purtem
816 2087 943 2139 bonorum

135 2157 335 2224 publicandam,
342 2173 410 2223 port
421 2165 453 2208 ut
463 2156 555 2208 liberie
566 2157 771 2226 relinqueretur,
788 2161 943 2209 censuerat.

137 2231 237 2276 eontra
247 2226 286 2275 nl.
297 2226 419 2291 Lepidus
429 2227 557 2291 quartum
567 2227 782 2289 ncerrnatoribns,
800 2225 942 2278 secumdum

136 2293 451 2363 necessitudinemlegie,
470 2303 560 2347 cetera
576 2295 667 2346 liberis
679 2297 823 2357 otrncessit.
860 2293 942 2344 Hono

138 2378 190 2429 ego
201 2363 345 2428 Lepidum,
365 2364 536 2430 temporibus
547 2365 611 2423 illis,
630 2380 739 2431 gravem
751 2369 779 2414 et
789 2364 941 2428 sapientem

136 2435 226 2484 virum
238 2432 324 2483 luisse
335 2435 484 2499 comperio.
505 2434 575 2484 Num
587 2433 719 2500 pleraque
731 2435 765 2484 ab
776 2433 865 2482 saevis
876 2430 941 2481 adu-

137 2499 289 2552 lationibus
299 2502 417 2553 aliorum
428 2505 460 2553 iu.
468 2503 567 2554 melius
577 2501 667 2552 flexit:
678 2507 767 2568 neque
773 2506 866 2551 tauron
874 2505 941 2550 tem·
952 2551 959 2563 ‚

136 2571 290 2635 peramenti
301 2571 413 2637 egebat,
433 2586 494 2621 eum
510 2571 646 2638 aequabili
662 2573 828 2622 auctoritate
839 2574 868 2620 et
880 2583 944 2634 gra·

135 2638 178 2689 tie
192 2639 264 2709 epud
279 2640 421 2692 Tiberium
440 2641 570 2709 viguerit
605 2638 687 2700 vnde
702 2639 831 2692 dubitare
847 2651 941 2706 cogor,
