2034 3025
68 111 71 117 ¹
153 121 201 199 ao·
249 98 856 210 msuoemuvnr[suessona]
940 119 958 126 “

152 254 216 300 astu
229 248 375 300 subtraxit.
399 247 561 298 Exarserat
577 249 605 296 in
621 262 684 298 eum
695 244 965 313 iracundiaexerci·'

151 327 207 380 urs,
226 323 366 384 tamquam
378 314 485 369 crimen
497 331 531 367 ae
540 331 606 367 mox
618 316 735 367 insidias
745 314 862 366 Fonteio
873 317 958 383 Capi·

152 387 213 440 toni
226 387 380 437 struxisset.
417 385 506 436 Grata
521 391 583 438 erat
597 384 732 438 memoria
745 385 898 450 Capitonis:
922 391 958 437 et
976 446 979 452 ¹

154 456 226 522 apud
239 456 393 507 saevientes
410 455 537 508 occidere
551 455 659 522 palam,
677 456 821 522 ignoscere
832 455 955 517 nonnisi

154 524 291 586 fallendo,
315 523 424 575 licebat.
459 525 502 576 lta
515 527 544 575 in
559 524 687 592 custodia
701 523 822 580 babitusr
843 528 872 575 et
887 529 956 589 post

76 635 80 644 .
154 595 297 646 victoriam
307 592 431 656 demum,
449 595 545 645 stratis
558 595 614 644 iam
624 592 743 644 militum
755 592 839 654 odiis,
859 591 957 643 dimis-

153 679 200 715 sus
216 667 267 715 est.
302 662 430 722 Interim,
453 669 484 714 ut
499 662 653 730 piaculum,
678 663 807 717 obiicitur
820 662 956 712 Centurio

155 729 315 798 crispinus..
335 734 425 798 quise
441 734 575 799 sanguine
591 733 732 798 Capitonis
747 734 957 782 cruentaverat:

154 817 243 920 <reoque
254 805 282 852 et
292 800 497 868 postulantibus
511 801 687 852 manifestior
700 807 729 854 et
739 799 864 868 punienti
874 798 971 868 vilior·

167 873 216 920 uit.
482 883 483 886 ¹

207 938 278 989 LlX.
313 935 400 989 lulius
416 937 521 1010 'deinde
539 938 635 991 civilis
655 938 781 1005 periculo
801 942 959 1004 exemptus,

155 1013 320 1076 praepotens
339 1007 413 1062 inter
430 1007 564 1071 Batavos,
588 1024 622 1060 ne
642 1007 777 1074 supplicio
796 1009 855 1067 eius
875 1005 960 1059 ferox

102 1091 109 1096 ·
153 1093 221 1144 gens
232 1077 410 1128 alienaretur.
428 1077 467 1127 Et
478 1084 558 1128 erant
567 1078 595 1129 in
605 1078 716 1129 civitate
722 1077 958 1143 Lingonum-octo

107 1169 109 1174 ·
152 1147 322 1200 batavorum
339 1144 482 1209 cobortes,
502 1147 742 1213 quartaedecimae
752 1146 870 1214 legionis
880 1146 960 1196 auxi·

152 1214 207 1277 lia,
224 1220 283 1265 tum
304 1213 443 1265 discordia
462 1220 617 1283 temporum
639 1231 657 1266 a
675 1217 786 1284 legione
806 1215 959 1282 digressae,

153 1288 238 1350 prout
248 1283 434 1346 inclinassent,
449 1285 556 1352 grande
566 1289 736 1338 momentum
747 1285 839 1336 sociae
849 1289 901 1334 aut
910 1283 958 1335 ad·

68 1363 79 1378 ²
154 1367 260 1404 versae.
295 1351 428 1416 Nonium,
456 1353 622 1416 Donatium,
651 1355 815 1416 Romilium,
841 1353 957 1420 Calpur·

153 1423 244 1486 nium,
265 1421 461 1485 Centuriones,
482 1423 516 1474 de
528 1425 626 1490 quibus
635 1439 721 1491 supra
730 1423 890 1484 retulimus,
912 1437 958 1474 oc·

133 1520 142 1533 ,
155 1490 209 1543 cidi
220 1493 309 1555 iussit,
330 1491 476 1558 damnatos
486 1492 551 1545 iidei
563 1494 690 1557 crimine,
709 1494 872 1562 gravissimo
882 1494 959 1545 inter

153 1561 344 1614 desciscentes.
377 1563 525 1615 Accessere
535 1564 661 1629 partibus
672 1564 801 1617 Valerius
810 1565 959 1625 Asiaticus,

133 1630 286 1699 ,Belgicae
302 1632 460 1697 provinciae
477 1630 614 1699 Legatos,
642 1647 730 1700 quem,
744 1630 959 1684 mox'Vitellius

152 1712 286 1753 mserum
299 1699 428 1769 adscivit:
453 1705 482 1751 et
497 1701 591 1752 lunius
605 1700 735 1763 Blaesus,
761 1700 960 1767 Lugdunensis

152 1756 263 1827 (iunias
280 1773 384 1831 rector,
405 1783 470 1819 cum
480 1768 579 1821 Italica
595 1770 704 1837 legione
722 1777 750 1822 et
766 1770 812 1821 ala
820 1771 961 1831 Taurino,

152 1836 477 1903 Lugdunitendentibus.
513 1838 571 1891 Nee
580 1840 608 1889 in
618 1838 757 1891 Rhaetieis
775 1839 962 1905 copiismora,

154 1921 208 1971 quo
226 1907 314 1957 minus
329 1907 669 1977 statim'ediungerentur.
705 1906 749 1960 Ne
763 1909 793 1960 in
808 1907 963 1959 Britannia

155 1973 267 2039 quidem
278 1975 441 2037 dubitatum.
487 2008 492 2014 ·
858 2031 871 2040 ,

201 2042 263 2093 Lx.
299 2041 434 2095 Praeerat
452 2043 608 2099 Trebellius
627 2041 780 2109 Maximus,
800 2059 851 2112 per
870 2045 962 2097 arari·

152 2111 221 2167 tiam
231 2122 264 2161 ac
274 2111 370 2163 sordes
382 2119 558 2180 contemptus
569 2115 703 2166 exercitui
713 2115 883 2181 invisusque.
908 2116 961 2167 Ae·

153 2179 290 2232 tendebat
300 2178 393 2231 odium
408 2184 467 2233 eius
477 2182 591 2233 Roscius
601 2182 726 2247 Caelius,
746 2184 871 2251 Legatus
886 2186 962 2235 vice·

152 2250 239 2303 simae
250 2249 381 2317 legionis,
401 2250 468 2304 olim
480 2252 599 2314 discors,
619 2252 668 2303 sed
678 2256 823 2316 occasione
833 2252 960 2304 civilium

153 2332 294 2369 armorum
305 2319 426 2371 atrocius
437 2327 611 2387 proruperat.
628 2321 788 2376 Trebellius
798 2320 962 2374 seditionem

153 2388 332 2457 escensurum
347 2388 464 2455 ordinem
480 2387 638 2459 disciplinae
653 2391 764 2453 Caeli03
781 2389 920 2464 ‘spoliatas
934 2398 964 2442 et

69 2464 72 2473 ·
152 2452 244 2519 inopes
255 2456 370 2524 legiones
380 2456 489 2507 Caelius
499 2458 642 2508 Trebellio
652 2459 822 2511 obiectabat:
830 2484 834 2489 ·
843 2471 910 2511 eum
921 2462 963 2510 in·

49 2574 53 2579 ,
82 2548 85 2555 ·
126 2580 128 2586 y
148 2523 235 2587 ,terim
246 2522 514 2594 foedis-Legatorum
525 2528 722 2578 certaminibus
732 2529 873 2580 modestia
880 2543 962 2580 exer·

153 2594 225 2643 citus
236 2596 378 2657 conrupta,
394 2606 481 2657 eoque
493 2592 647 2645 discordiae
657 2601 779 2659 ventum,
798 2602 830 2647 ut
839 2598 964 2649 auxilia·

118 2668 120 2673 '
153 2662 226 2711 rium
238 2674 345 2728 quoque
356 2660 475 2710 militum
491 2664 621 2712 conviciis
636 2666 832 2729 proturbatus,
851 2671 891 2729 et,
913 2666 968 2733 agl·
