2034 3025
54 141 138 196 LlB.
158 139 230 194 xiv.
252 139 334 194 CAP.
347 139 459 194 24-26.
471 137 628 206 [avari.
645 142 785 212 .t.c.m.]
813 141 865 198 ³29

55 250 193 316 amicitiae
212 247 304 298 dolum
324 245 469 312 parabant.
509 245 567 296 Nec
586 247 675 315 multo
695 253 759 312 poet
778 245 866 314 legati

56 321 259 386 Tigranocerta
272 315 363 376 missi,
380 322 478 381 putere
493 313 597 366 moesia
617 313 763 376 adferunt,
780 313 866 368 inteu-

56 398 99 440 tor
106 384 248 453 popularia
263 383 300 435 ud
313 382 396 434 iussa.
432 379 519 433 Simul
533 378 672 449 hospitale
686 383 789 433 donum
794 418 803 445 ,
822 398 867 436 co·

60 467 158 504 ronam
170 465 292 514 auream,
303 453 460 503 tradebant.
490 453 658 520 Accepitque
668 466 730 502 cum
741 447 862 512 honore;

58 538 110 573 nec
121 520 271 588 quidquam
281 521 344 572 urbi
356 521 526 586 detractum,
555 535 610 589 quo
621 521 775 589 promptius
786 518 863 571 obse·

56 593 152 658 quium
163 591 265 658 integri
275 591 437 641 retinerent.

110 658 201 711 XXV.
218 661 253 710 At
262 659 429 726 praesidium
440 658 568 728 Regium,
593 657 667 727 quod
677 655 758 711 ferox
767 657 879 710 iuven-‘-

55 733 103 778 tus
115 728 270 790 clauserat,
298 742 353 778 non
368 730 427 779 sine
443 731 594 780 certamine
609 733 796 796 expugnatum
811 734 862 778 est.

56 812 122 848 nam
133 801 161 848 et
170 797 307 862 proelium
317 811 370 862 pro
380 798 466 848 muris
475 799 535 849 ausi
546 801 638 859 erant,
666 803 695 847 et
705 797 778 863 pulsi
787 797 863 846 intra

56 867 233 919 munimenta
244 867 353 933 aggeris
363 865 488 929 demum,
508 873 538 918 et
548 867 765 932 inrumpentium
776 865 863 916 armis

56 949 176 988 cessere.
214 950 284 1002 quae
305 932 413 986 facilius
433 935 648 1001 proveniebant,
682 935 747 1001 quia
766 931 864 984 Parthi

54 1007 193 1072 Hyrcano
203 1002 279 1055 bello
294 1003 507 1055 distinebantur.
534 1004 726 1070 Miserantque
736 1003 863 1068 Hyrcani

55 1073 93 1126 ad
104 1073 261 1138 Piincipem
266 1073 429 1134 Romanum,
439 1075 601 1124 societatem
612 1077 733 1133 oratum,
742 1069 864 1122 adtineri

56 1157 112 1196 ate
139 1138 282 1208 Vologesen
296 1157 349 1209 pro
364 1141 479 1211 pignore
499 1140 652 1203 amicitiae,
681 1145 862 1192 ostentantem

58 1227 109 1265 eos
120 1210 312 1277 regredientes
323 1211 457 1274 Corbulo,
478 1226 513 1262 ne
523 1209 685 1277 Euphraten
696 1207 865 1276 transgressi

57 1279 181 1332 hostium
191 1281 323 1333 custodiis
334 1280 615 1342 circumvenirentur,
637 1279 703 1331 dato
713 1277 863 1344 praesidio,

57 1349 94 1401 ad
106 1348 192 1399 litora
203 1350 286 1399 maris
296 1349 371 1400 rubri
382 1349 509 1400 deduxit:
538 1347 624 1410 uude,
642 1349 737 1399 vitatis
747 1345 862 1398 Partho-

56 1431 121 1470 rum
131 1418 239 1479 linibus,
261 1419 363 1484 patrias
374 1419 401 1468 in
412 1416 492 1468 sedes
502 1430 672 1468 remeavere.
856 1433 861 1440 ’

110 1485 213 1540 XXVl.
233 1487 305 1549 Quin
326 1493 354 1538 et
368 1485 526 1547 Tiridaten,
556 1499 606 1552 per
619 1482 718 1535 Medos
736 1488 863 1536 extrema

57 1557 207 1609 Armeniae
217 1556 381 1618 intrantem,
415 1552 568 1621 praemisso
582 1568 643 1604 cum
654 1552 765 1604 auxiliis
775 1554 863 1605 Veru-

56 1625 125 1683 lano
136 1624 256 1691 Legata,
285 1631 368 1691 atque
379 1626 437 1690 ipse
447 1624 604 1690 legionibus
613 1622 688 1684 citis,
711 1622 788 1673 abire
799 1624 882 1687 pro·‘
921 1634 924 1641 ’
948 1645 953 1653 =

57 1695 119 1757 cul,
150 1709 182 1745 au
191 1709 267 1769 spem
278 1694 344 1745 belli
355 1695 483 1744 amittere
494 1693 616 1759 subegit:
641 1705 765 1759 quosque
774 1691 863 1752 nobis,

58 1764 95 1814 ob
106 1763 222 1829 Regem,
251 1777 363 1813 aversos
374 1762 474 1815 animis
484 1767 666 1830 cognoverat,
694 1760 824 1813 caedibus
834 1767 864 1811 et

56 1831 194 1883 incendiis
199 1831 405 1905 perpopulatus,
417 1834 618 1899 possessionem
629 1831 775 1882 Armeniae
785 1844 863 1880 usur-

56 1901 157 1969 pabat:
188 1916 249 1952 cum
265 1901 375 1953 advenit
384 1904 535 1969 Tigranes,
561 1900 704 1951 aNerone
721 1899 756 1949 ad
771 1912 863 1965 capes·

57 1968 177 2022 siendum
187 1971 332 2036 imperium
348 1970 486 2032 delectus,
515 1968 707 2036 Cappadocum
718 1968 861 2019 exnobili·
892 1993 899 2001 ·

57 2044 130 2099 tate,
146 2036 229 2105 Regis
239 2036 368 2090 Archelai
379 2054 474 2109 nepos,
493 2038 543 2090 sed
553 2037 626 2106 quod
637 2036 685 2088 diu
696 2037 776 2089 obses
787 2036 861 2103 apud

57 2107 156 2158 urbem
167 2106 275 2170 iuerat,
305 2121 392 2175 usque
407 2108 442 2159 ad
453 2108 580 2161 servilem
592 2108 754 2173 patientiam
765 2106 865 2158 dentis·

58 2190 116 2228 sus.
155 2174 213 2227 Nee
222 2190 357 2227 consensu
370 2182 506 2242 acceptus,
516 2176 635 2227 durante
646 2174 862 2242 apudquosdam

58 2243 158 2295 favore
179 2244 381 2296 Arsacidarum.
417 2251 447 2296 at
463 2245 600 2311 plerique,
626 2241 781 2309 supepbiam
797 2242 864 2293 Par·

58 2311 172 2363 thorum
184 2316 290 2378 perosi,
317 2314 411 2365 datum
427 2312 696 2380 alionranisllegem
712 2311 861 2364 malebant.

57 2380 190 2435 Additum
203 2388 231 2433 et
242 2382 422 2448 praesidium,
445 2384 522 2434 mille
533 2381 691 2449 legionarii,
709 2386 766 2434 tres
775 2381 863 2432 socio·

58 2466 121 2501 rum
134 2449 276 2514 cohortes,
303 2451 428 2519 duaeque
439 2452 571 2521 Equitum
586 2451 662 2513 alae,
688 2465 741 2516 quo
754 2450 862 2501 facilius

59 2534 162 2569 novum
180 2521 303 2587 Regnum
318 2527 454 2583 tueretur.
491 2520 561 2571 Pars
573 2520 731 2583 Armeniae,
758 2526 790 2568 ut
804 2520 863 2569 cui-

59 2602 115 2653 que
126 2588 252 2650 finitima,
266 2588 444 2641 Pharasmani
456 2588 654 2656 Polemonique
665 2594 693 2638 et
703 2586 863 2638 Aristobulo

59 2662 145 2726 atque
161 2656 296 2711 Antiocho
313 2673 411 2727 parere
426 2659 517 2711 iussae
533 2663 605 2709 sunt.
642 2653 763 2708 corbulo
774 2654 862 2719 insy-
