2034 3025
108 123 199 174 nne.
211 121 244 174 u.
266 89 482 172 cresus-ae.
501 120 547 186 [s.
560 122 660 175 usn.
678 117 817 188 n.a70.]
835 122 868 173 rr
893 114 902 120 ·

58 225 181 278 turbidis
192 227 317 288 vocibus,
333 211 416 275 modo
428 224 546 275 occultis
557 225 593 275 ad
604 222 743 277 Othonem
752 226 869 278 litteris-r
916 244 919 252 ·

59 298 109 364 qui
121 294 275 346 humillimo
287 296 386 362 cuique
402 293 542 358 credulus,
561 294 648 345 bonos
659 300 795 357 metuens,
814 300 871 346 tre·

59 365 189 432 pidabat;
208 367 289 418 rebus
303 365 443 430 prosperis
456 365 594 427 incertus,
621 368 650 416 et
664 365 739 414 iuter
753 363 871 414 adversa
926 405 934 416 .

32 467 34 472 .
58 435 169 486 melior.
189 436 276 503 Igitur
287 435 436 495 Titianum,
448 431 573 496 fratrem,
581 435 699 484 accitum
709 431 870 500 belloprae·

57 505 161 572 posuit.
196 507 307 563 interea
317 503 438 554 Paullini
454 508 483 554 et
493 503 566 555 celsi
578 503 668 554 ‘ductu
682 517 729 556 res
739 503 870 575 egregiae

80 580 166 626 eatae.
273 600 276 606 ‚
321 616 323 620 .
391 615 393 623 .
871 602 874 606 ·

58 589 78 641 g
114 642 215 694 XXIV.
251 642 396 708 Angebaut
412 643 558 694 Caecinam
577 642 763 710 nequidquam
778 641 873 710 omnia
949 701 955 706 .

62 717 174 777 coepta,
186 716 214 761 et
225 725 370 762 senescens
382 713 521 763 exereitus
530 713 573 763 sni
584 711 668 764 fama.
703 710 799 778 pulsus
809 710 872 761 Pla·

61 783 163 841 centia,
174 780 260 830 caesis
271 795 358 846 nuper
368 781 488 845 auxiliis,
495 784 579 834 etiam
590 788 641 849 p‘er
652 794 816 845 concursum
826 792 872 832 ex·

60 849 250 917 ploratorum,
277 851 374 902 crebra
392 855 481 920 magis
501 867 583 920 quam
603 853 688 919 digua
715 855 872 904 memoratu

60 917 176 986 proelia,
203 917 331 984 inferior3
359 923 563 989 propinquante
573 922 661 973 Fabio
670 921 799 983 Valente,
834 934 873 989 ne

62 1003 145 1040 omne
155 987 221 1040 belli
234 989 316 1042 decus
324 989 392 1041 illue
398 991 573 1053 concederet,
579 993 734 1059 reciperare
742 991 872 1058 gloriam,

18 1087 37 1108 κ
60 1059 170 1109 avidius
185 1073 268 1125 quam
285 1059 452 1121 consultius,
470 1061 648 1126 properabat.
684 1060 726 1112 nd
740 1059 872 1111 duodeci·

62 1143 139 1178 mum
151 1143 168 1179 a
179 1130 324 1190 Cremona,
335 1127 413 1187 locus
442 1131 586 1182 castorum
596 1133 721 1192 vocatur,
734 1129 872 1182 ferocissi-

60 1211 122 1248 mos
143 1197 329 1260 auxiliarium,-
348 1195 548 1250 inminentibus
568 1200 631 1250 viae
652 1198 721 1251 lucis
736 1199 871 1260 occultos,

61 1269 209 1332 componit.
238 1270 344 1334 equites
351 1268 495 1334 procedere
505 1267 613 1338 longius
621 1269 699 1333 iussi,
709 1277 745 1331 et,
754 1267 873 1320 inritato
904 1282 906 1290 ⁴

57 1335 163 1406 proelio
175 1343 268 1403 sponte
279 1337 385 1406 refugi,
397 1337 608 1418 festinationem
617 1337 786 1403 sequentium
794 1336 873 1388 elice·
920 1344 928 1375 ’-

61 1422 101 1467 re‚
114 1403 319 1466 donecinse'diae
328 1413 507 1458 couterentur.
543 1405 689 1458 Proditum
700 1407 730 1457 id
739 1404 874 1456 Othonia·
953 1403 969 1415 ”

62 1475 106 1525 nis
117 1473 256 1524 Ducibus:
286 1479 314 1549 qt
330 1489 424 1525 curam
435 1474 561 1540 peditum
572 1474 729 1539 Paullinus,
748 1475 873 1543 equitum

64 1542 167 1605 Celsus,
178 1557 328 1611 sumpsere.
356 1544 592 1596 Tertiaedecimae
603 1545 720 1611 legionis
730 1543 874 1607 vexillum,

64 1618 187 1679 quatuor
194 1612 361 1663 auxiliorum
381 1610 512 1665 cohortes
527 1619 556 1665 et
566 1615 710 1681 quingenti
725 1614 832 1681 equites
842 1615 873 1665 iu

63 1684 176 1732 sinistro
192 1680 334 1753 locantur3
354 1695 483 1751 aggerem
499 1684 562 1736 viae
576 1689 636 1736 tres
651 1683 814 1740 Praetoriae
828 1697 873 1735 oo·

37 1758 42 1774 ¹
63 1751 158 1805 bortes
168 1751 232 1804 altis
243 1752 385 1804 ordinibus
396 1754 552 1805 obtinuere:
572 1754 671 1805 dextra
680 1752 873 1819 fronte-prima

38 1868 40 1875 .
63 1821 136 1889 legio
147 1823 276 1886 incessit,
290 1838 351 1874 cum
362 1822 468 1875 duabus
478 1823 660 1875 auxiliaribus
671 1821 832 1875 cohortibus
842 1826 874 1875 et

3 1930 9 1946 .
63 1892 221 1959 quingentis
232 1893 378 1959 equitibus.
403 1892 492 1959 Super
504 1891 555 1943 hos
565 1908 583 1945 e
593 1892 738 1945 Praetorio
749 1892 871 1945 auxiliis-

64 1976 116 2027 que
127 1962 204 2013 mille
215 1963 330 2027 equites,
349 1961 477 2015 cumulus
489 1960 641 2030 prosperis,
659 1967 708 2015 aut
717 1963 871 2022 subsidium

64 2028 455 2093 laborantibus,duccbantur.
917 2093 922 2100 ,

114 2098 200 2150 XXV.
237 2102 391 2168 Antequam
405 2102 591 2153 miscerentur
608 2102 681 2154 acies
686 2138 707 2166 „
721 2106 802 2170 terga
810 2116 872 2153 rer·

63 2166 183 2218 tentibus
204 2166 372 2233 Vitellianis,
392 2170 497 2233 Celsus,
515 2171 572 2222 doli
591 2172 721 2238 prudens,
738 2173 872 2239 repressit

63 2250 133 2287 suos.
169 2237 312 2289 Vitelliani
324 2244 428 2303 temepe
436 2246 630 2308 exsurgentes,
641 2242 757 2293 cedente
767 2242 871 2293 sensim

64 2306 154 2370 Celso,
165 2306 274 2373 lbngius
284 2310 380 2372 secuti,
390 2308 465 2364 ultro
476 2310 503 2359 in
515 2311 630 2363 insidias
640 2312 870 2378 praecipitantur.
945 2371 950 2375 ¹

28 2398 31 2402 ·
62 2391 125 2427 nam
136 2390 154 2427 a
166 2375 301 2429 lateribus
316 2377 461 2442 cobortes,
478 2376 619 2447 legionum
634 2381 752 2433 adversa
767 2379 870 2441 fronte,

64 2450 92 2497 et
101 2446 194 2505 subito
205 2446 330 2499 discursu
340 2453 427 2515 ‘terga
442 2448 587 2501 cinxerant
601 2452 717 2518 equites
751 2449 904 2518 Signum,
941 2484 945 2489 -
987 2479 990 2487 ·

63 2530 172 2583 pugnae
182 2531 238 2567 non
249 2518 343 2567 statim
353 2534 371 2570 a
381 2517 514 2570 Suetonio
525 2519 655 2572 Paullino
665 2518 753 2587 pediti
763 2520 870 2571 datum.

63 2590 207 2637 cunctator
216 2591 325 2651 natura,
336 2592 365 2640 et
374 2590 510 2643 eui'cauta
519 2590 613 2658 potius
628 2588 815 2641 consiliosum
826 2602 870 2638 ra·

63 2655 237 2733 tionesquarn
247 2672 378 2725 prospera
388 2674 424 2713 ex
433 2674 508 2725 casu,
519 2660 672 2729 placerent,
681 2656 808 2727 compleri
808 2658 869 2731 fot·
