2034 3025
136 86 154 137 s
206 150 213 157 „
256 79 818 154 nnunurvn[n.v.7s7.n.o1a1
915 153 917 157 ,

58 185 62 191 “
135 192 241 253 ceptae.
260 186 344 256 verba
358 186 441 237 edicti
458 187 537 239 fuere
552 202 641 253 pauca
655 193 947 257 ebrensis-permode-

50 258 58 266 ‘
135 260 192 306 sto:
213 256 243 305 de
254 252 395 307 honoribus
401 256 528 335 pareretis
538 259 737 309 consulturum.-
756 276 842 326 neque
852 260 945 314 absee-
1005 255 1007 320 f

136 324 197 376 dere
217 339 234 374 u
253 340 378 393 corpore,-
400 325 478 391 adque
497 338 580 376 unum
600 342 633 377 ex
649 326 765 394 publicis
784 329 944 381 nunnusibus
1005 343 1007 380 ῑ

136 406 276 463 usurpare.
313 392 375 454 Sed,
387 393 519 445 defuneto
529 395 661 460 Augusto,
671 397 780 461 signum
791 400 944 462 praetoriis

70 460 72 465 ’
99 496 104 503 ,
135 460 295 513 eohortibus
314 467 347 511 ut
366 462 518 527 imperator
537 462 832 527 dederat:.exe'ubiae‚
851 481 942 529 armo,
1005 457 1007 504 ἶ

49 574 54 582 ,
135 536 228 581 cetero
238 530 333 581 aulae:
354 530 433 581 mites
446 531 475 579 in
489 529 594 593 forum,
610 532 726 583 milesio
738 534 843 583 curiam
855 536 942 585 comi·

134 600 254 650 babetur.
273 598 382 649 litteras
393 599 429 649 ad
440 602 584 660 exereitus,
600 604 741 667 tamquam
752 600 854 666 adepto
866 604 943 668 prin·

135 669 236 734 cipeto,
245 668 332 717 misit:
344 668 480 733 nusquam
489 668 705 730 cunctabundus,
715 670 768 718 nisi
779 675 840 720 cum
851 672 880 719 in
892 669 941 723 Se·
1005 671 1007 716 Ι

108 788 110 791 ,
134 735 383 801 ιιιιιιιοᾳιιοιιιιιι.
420 736 726 802 Caussaqrraeeipua'ex
736 736 895 800 formidine,
906 754 941 791 ue
1005 783 1007 786 .

136 802 327 865 Gertnanicus,
347 805 376 853 in
391 804 468 854 euius
483 801 567 855 manu
585 809 629 854 tot
649 803 782 871 legiones,
801 806 941 858 immensu

136 874 274 937 sociorum
286 873 397 934 auxilia,
413 873 498 922 mirus
509 872 582 938 apud
594 873 725 938 populum
736 872 823 937 favor,
834 873 940 927 babere
1005 911 1007 916 -

134 938 371 1007 imperium-quam
383 942 541 1005 exspectare
552 941 658 992 mallet.
694 942 788 992 Dabat
797 947 826 993 et
836 942 940 1006 famae,

135 1015 166 1060 ut
180 1013 298 1079 ¹vocatus
318 1008 475 1075 electusque
496 1010 587 1075 potius
602 1010 771 1076 arepublieu
786 1012 940 1074 videretur,

135 1093 218 1146 quam
238 1091 288 1142 per
305 1079 434 1140 uxorium
450 1078 584 1128 ambitum
598 1082 626 1129 et
640 1078 721 1129 senili
737 1079 888 1144 adoptione
899 1081 952 1129 iu·⁴

133 1148 260 1212 repsisse.
296 1138 396 1197 Postea
417 1148 558 1213 cognitum
578 1152 630 1209 est,
651 1146 687 1197 ad
706 1147 939 1213 introspiciendas

135 1216 219 1267 etiam
235 1227 380 1280 procerum
396 1214 553 1266 voluntates
567 1216 709 1265 inductam
724 1216 936 1268 dubitationem.
990 1223 1007 1269 ,¹

116 1300 198 1406 qaqn
218 1282 316 1347 verba,
334 1283 443 1346 vuitus,
460 1284 491 1334 in
511 1285 616 1344 crimen
635 1284 817 1352 detorquens,
839 1298 940 1338 recon-
1005 1289 1007 1304 ²

156 1356 228 1405 eat.
341 1368 389 1401 μ

187 1420 261 1473 VIII.
279 1418 356 1472 Nihil
366 1420 455 1485 primo
466 1416 585 1471 Senatus
595 1413 640 1471 die
650 1420 695 1487 agi
705 1434 828 1487 passus„
836 1420 890 1472 nisi
902 1418 937 1472 de

128 1492 271 1559 ¹supremis
284 1490 414 1557 Augusti:
434 1489 512 1542 euius
526 1494 732 1553 testamentum,
751 1490 871 1542 inlatum
887 1503 939 1556 per

133 1557 262 1626 Virgines
273 1559 384 1620 Vestae,
399 1559 542 1610 Tiberium
553 1565 581 1611 et
591 1557 697 1610 Liviam
708 1559 825 1611 heredes
833 1557 939 1610 babuit.

134 1629 214 1681 Livia
228 1630 258 1678 in
273 1627 407 1684 familiam
422 1627 521 1677 Iuliam
537 1641 691 1694 nomenque
701 1629 842 1694 Augustae
857 1627 940 1677 adsu-

110 1705 114 1714 '
134 1697 274 1748 urebatur:
285 1699 313 1746 iu
325 1709 400 1759 spem
408 1694 566 1758 secundam,
576 1701 692 1761 nepotes
702 1698 940 1761 pronepotesquet
1005 1711 1007 1723 ·

134 1765 219 1816 tertio
228 1763 317 1830 gradu
333 1765 467 1830 primores
478 1764 596 1815 civitatis
607 1765 770 1828 scripserat,
789 1762 941 1830 plerosque
1005 1804 1007 1825 ÷

134 1833 238 1884 invisos
249 1833 310 1894 sibi,
321 1831 370 1883 sed
379 1832 514 1882 iaetantia
523 1831 666 1900 gloriaque
676 1833 711 1884 ad
722 1838 858 1899 posteros.
885 1831 941 1883 Le·

135 1906 202 1970 gata
216 1914 272 1951 non
288 1901 363 1952 ultra
378 1900 486 1951 civilem
503 1902 629 1964 modum,
647 1901 784 1968 nisiquod
794 1900 897 1966 populo
909 1904 940 1952 et

133 1963 209 2038 plebi
229 1983 386 2032 ccccxxxv,
405 1969 611 2036 praetoriarum
630 1968 784 2020 cohortium
804 1969 940 2020 militibus
1005 2008 1007 2021 .

135 2036 246 2103 singula
256 2040 397 2090 nummum
409 2037 510 2102 miliia,
531 2038 690 2106 legionariis
701 2052 758 2099 cco,
778 2036 940 2088 cohortibus
1005 2029 1007 2073 ἵ

136 2107 235 2158 eivium
258 2106 447 2158 Romanorum
472 2120 556 2158 cccco
577 2120 705 2157 nummos
727 2107 830 2158 viritim
851 2105 939 2157 dedit.
1005 2124 1007 2157 τ

135 2176 208 2228 Τιιιιι
219 2174 406 2227 consultatum
417 2176 452 2227 de
463 2173 627 2238 honoribus3
647 2189 682 2226 ex
696 2179 758 2242 quis
768 2175 888 2225 maxime
898 2175 940 2223 in·

135 2245 226 2311 signes
236 2245 299 2294 visi:
310 2252 431 2312 otperto
442 2241 602 2311 triumphali
612 2243 756 2301 ducerem:
764 2243 863 2314 sunus,
874 2241 940 2293 Gal·
1005 2220 1007 2289 !

135 2312 181 2364 lus
192 2313 314 2376 Asinius3
334 2321 366 2364 ut
378 2315 468 2381 legum
481 2313 601 2363 lotarum
611 2311 697 2375 tituli,
716 2310 851 2363 victarum
862 2310 896 2362 ab
907 2325 938 2362 eo
1005 2371 1007 2381 ξ

132 2379 256 2448 gentium
275 2381 403 2432 uocabula
423 2380 642 2498 ontqferrentur‚
661 2381 694 2432 L.
708 2381 856 2436 Arruntius
876 2394 938 2430 een·
1005 2400 1007 2441 ς

135 2461 233 2499 suere..
246 2448 366 2500 addebat
384 2449 518 2499 Messala
531 2448 671 2511 Valerius,
690 2449 871 2501 renouandum
886 2462 938 2515 per
1005 2484 1006 2487 ,

136 2531 219 2568 annos
234 2512 475 2582 sacramentoriis}
490 2533 584 2570 nomen
602 2514 720 2569 Tiberii:
738 2519 939 2582 iuterrogatus-

137 2596 190 2650 que
208 2585 372 2650 s-Tiberio,
400 2587 464 2640 num
483 2599 511 2638 se
530 2585 675 2640 medante
699 2600 758 2639 eum
777 2583 938 2638 mendum
