2034 3025
78 156 80 160 ,
109 138 113 142 -
165 113 216 170 aaa
267 113 514 170 ‚suasurum
533 115 619 184 [nv.
630 120 688 173 815·
706 119 739 169 Α.
750 117 779 172 c.
790 78 856 186 ai

168 287 264 340 endum
283 302 351 349 esse,
378 285 435 338 sine
448 283 541 345 institi
554 286 599 337 iro
613 294 640 338 et
653 287 779 354 superii-n
792 288 905 342 victoris
921 294 972 342 ele·

164 365 267 409 menter
288 355 385 407 deditis
401 357 594 407 consulturum.
630 353 720 409 Simul
735 359 765 408 in
779 359 878 409 urbem
893 375 972 410 man-

165 425 264 489 dabat,
275 426 384 476 ,nutum
390 423 493 489 proelio
500 423 586 492 finem
595 434 798 493 exspectarent,
817 427 973 480 nisiinter·

165 495 276 554 deretur
297 491 438 544 Suetonio:
474 493 693 546 ouius'adversa
711 497 845 561 pravitati
866 497 956 564 ipsius
962 514 971 561 ,¹

107 589 113 594 ·
132 601 134 603 -
165 578 303 631 prospera
314 561 349 612 ad
360 561 502 613 fortunam
513 563 685 629 reipublicae
696 563 849 615 referebat.

216 631 344 682 xxxix.
354 632 445 696 Igitur
454 631 490 682 ad
500 633 682 698 spectandum
687 633 853 684 Britanniae
862 634 970 692 statum

81 752 84 764 ,
164 701 268 752 missus
289 705 333 752 est
348 715 383 750 ex
397 699 508 752 libertis
526 701 703 768 Polycletus,
725 695 833 768 niagna
845 701 971 755 Neronis

166 783 231 837 spe,
255 783 339 835 posse
350 771 520 822 auctoritate
532 773 606 832 eius,
633 786 691 820 non
701 771 785 822 modo
793 773 870 824 inter
879 771 972 839 Lega-

165 845 226 890 tum
235 837 506 905 Procuratoremque
517 839 695 890 concordiam
706 841 799 906 gigni,
827 840 878 892 sed
888 846 917 891 e't
927 856 971 894 re·

82 947 86 953 .
165 907 253 958 belles
268 907 454 958 barbarorum
470 909 579 958 animos
595 922 662 974 paee
673 909 811 974 componi.
848 908 908 961 Nee
924 909 971 960 de·

165 975 222 1027 fuit
231 975 406 1040 Polycletus,
427 990 481 1042 quo
492 977 600 1036 minus,
624 977 734 1044 ingenti
745 981 857 1044 agmine
867 979 970 1034 ltaliae

167 1044 332 1111 Galliaeque
344 1045 446 1110 gravis,
457 1048 607 1109 postquam
616 1046 755 1100 Oceanum
763 1048 971 1107 transmiserat,

164 1113 304 1164 militibus
318 1127 430 1178 quoque
446 1113 554 1164 nostris
565 1113 707 1178 terribilis
723 1113 875 1167 incederet.
912 1113 971 1165 Sed

164 1181 295 1232 hostibus
311 1180 412 1232 inrisui
427 1179 494 1240 suit,
523 1179 597 1245 apud
616 1196 700 1247 quos,
727 1179 864 1249 flagrante
879 1183 970 1232 etiam

86 1289 90 1298 ,
164 1257 225 1302 tum
236 1249 382 1310 libertate,
405 1247 528 1302 nondum
539 1251 653 1314 cognita
661 1249 828 1303 libertorum
837 1252 972 1318 potentia

115 1331 117 1334 ·
163 1325 240 1372 etat:
259 1319 497 1384 mirabanturque,
519 1317 594 1384 quod
604 1318 670 1372 Dux
681 1323 711 1370 et
721 1321 875 1381 exereitus,
892 1321 970 1371 tanti

121 1444 124 1454 ,
164 1388 233 1442 belli
244 1385 401 1448 conlector,
425 1387 550 1438 servitiis
562 1387 718 1439 obedirent.
755 1390 862 1441 cuncta
871 1394 971 1442 tamen

67 1494 69 1497 -
166 1459 201 1508 ad
211 1459 414 1525 imperatorem
429 1457 459 1506 in
473 1455 586 1515 mollins
600 1454 703 1508 relata:
723 1456 910 1526 detentusque
926 1471 972 1507 re·

116 1554 118 1558 .
165 1528 217 1581 bus
228 1527 363 1595 gerundis
375 1525 541 1589 Suetonius,
571 1527 645 1593 quod
655 1534 721 1594 post
729 1542 832 1593 paucas
842 1527 971 1578 naiasin

106 1597 117 1643 .’
143 1646 147 1662 Χ
164 1598 250 1649 litore
262 1596 466 1663 remigiumque
477 1596 505 1645 in
516 1596 553 1656 iis
563 1598 708 1659 amiserat,
717 1596 971 1665 tamquamduran·

165 1673 195 1717 te
205 1666 289 1727 bello,
308 1664 416 1716 tradere
427 1663 575 1716 exereitum
586 1662 716 1719 Petronio
730 1662 901 1732 Turpiliano,
921 1665 972 1731 qui
985 1689 988 1696 ν

165 1734 223 1787 iam
235 1732 388 1785 Consulatu
399 1734 517 1795 abierat,
534 1732 656 1786 iubetur.
687 1734 715 1783 ls
725 1747 781 1785 non
790 1736 910 1799 inritato
921 1732 970 1786 ho·

167 1807 221 1864 ste,
239 1816 331 1868 neque
341 1801 505 1861 lacessitus,
523 1798 675 1852 honestum
685 1800 761 1867 pacis
771 1814 875 1854 nomen
886 1804 972 1871 segni

167 1872 226 1923 otio
236 1869 371 1937 inposuit.
402 1926 405 1933 Ι

217 1940 277 1991 XL.
297 1936 403 1995 Eodem
414 1950 488 1990 anno
497 1934 604 1987 Romae
614 1935 739 2002 insignia
751 1937 873 2000 seelera,
902 1940 973 1998 alte·

165 2022 230 2061 rum
247 2006 410 2071 senatoris,
436 2004 531 2059 servili
551 2004 669 2056 alterum
691 2006 819 2068 audacia,
846 2008 973 2067 admissa

166 2082 241 2129 sunt.
277 2075 419 2131 Domitius
430 2073 535 2125 Balbus
545 2080 608 2125 erat
617 2072 795 2137 Praetmius,
818 2075 902 2128 simul
911 2077 973 2129 lon·

166 2161 203 2215 ga
213 2150 341 2206 senecta,
364 2142 447 2195 simul
458 2144 623 2201 orbitateet
632 2146 752 2211 pecunia
761 2143 873 2195 insidiis
883 2146 971 2197 obno-

164 2218 238 2268 xius.
275 2216 302 2267 ei
312 2215 485 2281 propinquus
495 2214 627 2269 Valerius
638 2213 807 2276 Fabianus,
822 2228 971 2280 capessen-

108 2300 111 2303 ·
165 2285 210 2337 dis
231 2284 386 2341 honoribus
406 2282 579 2347 destinatus,
612 2283 738 2335 subdidit
756 2288 971 2348 testamentum,

166 2354 283 2407 adscitis
294 2354 406 2407 Vininio
417 2354 528 2415 Rufino,
547 2359 576 2405 et
586 2354 722 2409 Terentio
731 2351 865 2414 Lentino,
885 2353 972 2421 Equi·

165 2425 243 2477 tibus
259 2424 400 2491 Romanis.
436 2422 481 2475 llli
490 2424 643 2475 Antonium
658 2421 782 2476 Primum
796 2428 828 2483 et
842 2422 972 2480 Asinium

163 2493 332 2547 Marcellum
353 2493 539 2545 sociaverant.
584 2492 722 2544 Antonius
742 2490 859 2544 audacia
878 2506 971 2559 prom-

164 2571 245 2631 otuu
265 2562 417 2617 Marcellus
427 2562 524 2615 Asinio
535 2560 663 2624 Pollione
672 2575 778 2630 proavo
789 2561 897 2623 clarus,
922 2576 971 2613 ne·

164 2649 218 2703 qus
229 2648 339 2689 morum
354 2630 530 2702 spernendus
544 2628 726 2697 habebatur„
743 2630 800 2682 uisi
814 2629 889 2699 quod
902 2644 969 2697 pais·
