2034 3025
8 2901 26 2936 Ι

109 103 787 197 mancinus-ar:[A.'v.a2s.n.c.70.1
823 131 856 198 m

36 245 72 292 te
103 235 229 299 flumine,
254 233 407 288 inoffensus
434 232 504 302 ordo
532 233 644 286 navium
665 233 856 310 adtolleretur.

40 308 204 362 claudebat
214 311 327 373 pontem
338 303 459 372 inposita
469 299 557 354 turris
567 309 596 355 et
606 305 634 354 in
646 307 799 355 extremam
811 319 858 355 na-

39 394 109 432 vem
118 377 232 430 educta:
250 375 325 429 unde
335 375 484 427 tormentis
499 388 534 424 ac
545 371 680 428 machinis
690 371 785 426 hostes
796 378 867 441 pro·'
894 385 898 390 ’

40 442 236 518 pulsarentur.
273 443 427 498 Othoniani
443 445 475 494 in
491 444 554 511 ripa
569 445 670 496 turrim
686 450 857 509 struxerant,
879 459 887 468 “

39 531 172 585 saxaque
182 522 212 568 et
221 516 295 568 faces
305 515 507 570 iaculabantur.
731 521 734 528 ·
883 520 886 526 “

99 586 217 657 XXXV.
251 587 289 638 Et
308 590 371 636 erat
387 584 481 636 insula
500 599 582 656 amaa
602 583 708 649 medio,
727 586 756 636 in
775 601 858 653 quam

41 657 222 726 gladiatores
231 655 348 705 navibus
359 654 515 718 molientes,
534 655 666 708 Germani
678 656 769 708 nando
779 671 869 722 prae-¹

42 726 225 788 labebantur.
260 725 300 776 dc
310 723 383 776 forte
394 723 488 792 plures
497 731 697 793 transgressos,
713 726 858 792 completis

42 796 218 858 Liburnicis,
245 809 295 863 per
315 795 536 862 promptissimos
555 795 742 866 gladiatorum
762 797 859 848 Macer

45 864 224 933 adgreditur.
260 864 316 918 Sed
330 880 420 932 neque
436 879 471 918 ea
484 869 642 919 constantia
652 856 871 934 gladiatoribus.
926 921 928 924 ,

44 935 86 998 ad
96 934 219 1002 proelia,
240 951 310 1004 quae
326 936 477 997 militibus;
495 951 548 988 nec
563 937 679 1003 perinde
694 935 826 990 nutantes
841 951 857 988 e

44 1006 181 1069 naribus,
202 1021 285 1074 quam
299 1004 394 1058 stabili
409 1003 500 1073 gradu
510 1021 525 1056 e
536 1007 610 1072 ripa,
631 1005 747 1062 vulnera
758 1007 858 1073 dirige·

44 1077 125 1131 baut.
160 1075 211 1134 Et.
231 1092 294 1127 cum
307 1076 393 1127 variis
407 1074 607 1140 trepidantium
621 1074 859 1140 inclinationibus,

46 1147 133 1198 mixti
142 1147 261 1213 remiges
272 1148 546 1212 propugnatoresque
556 1145 745 1208 turbarentur,
765 1146 858 1198 desili·

46 1231 82 1269 re
92 1216 122 1265 in
131 1215 289 1267 vadaultro
300 1213 442 1277 Germani,
449 1218 591 1268 retentare
602 1229 715 1283 puppes,
726 1216 859 1267 scandere

47 1284 479 1352 foros,autcominusmergere.
516 1291 711 1352 quaecuncta‚
730 1285 859 1337 in'oculis
934 1288 940 1294 '

47 1356 197 1422 utriusque
208 1354 357 1417 exercitus,
378 1357 484 1420 quanto
494 1354 614 1406 laetiora
623 1353 791 1416 Vitellianis,
802 1359 863 1405 tan·
902 1373 910 1384 .
942 1354 947 1367 ¹

47 1432 82 1478 to
93 1425 185 1475 acrius
196 1421 348 1475 Othoniani
361 1436 489 1474 caussam
504 1428 701 1492 auctoremque
718 1423 863 1491 cladiskde·
959 1466 961 1470 .

48 1493 235 1547 testabantur.
934 1496 939 1521 l

106 1561 233 1614 XXXVI.
269 1562 307 1614 lit
318 1560 456 1628 proelium
466 1560 726 1629 quidem-abreptis
737 1577 808 1631 quae
818 1578 863 1615 su·
891 1573 893 1583 ·

48 1630 390 1700 perarantnaribus,iuga
400 1631 579 1697 diremptum:
595 1632 691 1683 Macer
700 1632 737 1683 ad
747 1633 862 1686 exitium

53 1700 228 1770 poscebatur.
264 1700 378 1769 lamque
387 1699 564 1753 vulneratum
575 1702 681 1754 eminus
691 1701 790 1757 lancea
799 1704 864 1753 stri·
910 1760 913 1766 ¹

54 1774 105 1824 ctis
115 1772 217 1840 gladiis
231 1771 406 1834 invaserant,
426 1784 490 1825 cum
503 1772 662 1823 intercursu
672 1772 863 1831 Tribunorum

55 1842 309 1909 centurionumque
319 1841 485 1908 protegitur.
521 1839 862 1908 NecmultopostVestri·
920 1857 922 1861 ’

55 1912 113 1963 cius
123 1910 275 1979 Spurinna,
285 1910 503 1979 inssussthonis,
523 1910 621 1963 relicto
633 1910 791 1963 Placentiae
803 1925 863 1963 mo,
895 1969 900 1974 ,

55 1981 117 2034 dico
128 1980 281 2047 praesidio,
300 1996 362 2033 cum
373 1978 534 2032 cohortibus
546 1980 680 2033 subvenit.
706 1982 789 2034 ‘Dein
800 1982 863 2035 Fla·

55 2050 128 2100 vium
139 2049 280 2113 Sabinum,
288 2051 435 2103 Consulem
445 2049 619 2118 designatum
622 2048 711 2120 ,Otho
723 2059 860 2105 rectorem

56 2118 143 2185 copiis
163 2121 246 2182 misit,
266 2120 473 2187 quibusliacer
486 2120 666 2187 ,praefuerat3
685 2122 760 2174 laeto
773 2123 861 2188 milite

56 2187 93 2240 ad
104 2189 282 2238 mutationem
292 2189 416 2252 Ducum,
435 2196 463 2243 et
476 2190 601 2243 Ducibus
616 2191 650 2243 ob
668 2195 779 2245 crebras
790 2192 861 2245 sedi·

57 2258 146 2309 tiones
155 2260 213 2307 tam
224 2253 351 2308 infestam
362 2258 488 2311 militiam
498 2259 739 2327 adspernantibus.
792 2268 796 2316 .'

108 2325 249 2384 xxxvii.
285 2326 398 2378 lnvenio
412 2327 485 2394 apud
501 2330 636 2395 quosdam
650 2335 793 2392 auctores,
809 2338 860 2397 pa-

59 2394 211 2458 cerebelli,
228 2410 277 2447 reu
284 2394 406 2467 fastidio
418 2396 561 2465 utiusque
575 2397 729 2465 Principis,
748 2413 863 2463 quorum

55 2463 169 2537 flagitia
179 2480 213 2517 ae
222 2464 332 2518 &decer
341 2464 477 2533 apertiore
486 2465 516 2519 in
526 2457 580 2531 defer
585 2468 668 2540 sama
678 2467 864 2529 noscebantur,

59 2531 346 2600 dubitarreexerca'tus,
363 2550 437 2599 nam,
447 2534 538 2603 posito
548 2534 704 2599 certamine,
722 2529 765 2588 oet
773 2534 864 2603 ipsiius

60 2604 172 2655 medium
181 2605 374 2666 consultarent,
390 2606 434 2658 sel
447 2602 561 2659 Senatui
589 2603 865 2671 ,ermitterenttegere

60 2670 260 2737 inperatorem.
297 2672 388 2744 Atque
402 2690 433 2729 eo
450 2672 543 2756 Duce!
586 2670 730 2727 taeniense
743 2672 864 2727 sontium
