2034 3025
5 106 15 119 “
118 193 123 200 ,
178 91 804 193 moloniae-s.[naeinam]
852 121 892 176 ‘e

90 197 892 293 iffi

90 313 149 351 ora
185 298 259 351 Vrbs
271 297 406 348 incendiis
414 301 536 356 vastata,
555 298 724 362 consumptis
735 297 892 363 antiquissi-

13 401 20 408 -
80 371 143 420 -niis
153 367 285 430 delubris,
301 369 362 433 ipso
373 365 509 432 Capitolio
522 365 620 416 civium
632 367 757 418 manibus
767 369 892 416 incenso:

88 437 423 506 pollutaocaerimoniae:
442 449 544 500 magna
556 435 705 486 adulteria:
724 435 836 502 plenum
847 447 892 485 ex·

14 512 19 517 ”
89 506 160 560 siliis
178 519 266 556 mare:
299 504 395 556 iniecti
415 504 546 555 caedibus
566 504 681 571 scopuli.
716 505 844 556 lltrocius
863 503 891 554 in

88 577 159 626 urbe
169 575 312 625 saevitum.
347 573 494 637 Nobilitas,
513 587 589 639 opes,
606 574 699 624 omissi
709 574 835 641 gestique
846 570 894 622 ho·

89 658 175 695 nores
183 657 235 709 pro
246 643 369 704 crimine,
379 648 408 694 et
416 642 451 693 ob
457 644 573 694 virtutes
579 644 760 694 certissimum
768 643 892 693 exitium.

90 713 150 766 Nec
160 714 250 763 minus
260 713 386 777 praemia
395 711 550 763 delatorum
561 712 662 774 invisa,
682 727 763 779 quam
773 710 892 773 scelera3

91 797 153 833 tum
164 782 212 832 aiii
222 778 382 832 Sacerdotis
392 786 421 831 et
430 781 611 843 Consulatus,
628 780 773 846 utspolia,
791 779 893 846 adepti,

89 851 304 902 Procurationes
319 848 367 899 alii
378 852 408 900 et
417 850 576 901 interiorem
588 852 740 916 potentiam
747 886 755 911 ,
778 853 894 916 agerent

89 925 234 972 verterent
243 924 343 970 cuncta
352 919 417 970 odio
434 924 463 970 et
473 924 590 970 terrore.
626 920 759 985 consepti
770 920 798 968 in
809 917 895 970 (lomi-

90 1004 143 1041 nos
153 988 238 1050 servi,
256 990 285 1038 in
299 993 434 1054 patronos
448 987 552 1050 liberti3
572 992 612 1049 et,
630 988 729 1054 quibus
740 987 896 1038 deeratini-

91 1059 193 1119 alicus,
210 1072 261 1123 per
271 1058 374 1108 anticos
384 1057 518 1124 oppressi.
553 1055 615 1106 Non
625 1059 718 1110 tamen
729 1056 799 1106 adeo
808 1058 895 1107 virm-

91 1135 151 1178 tum
161 1127 255 1178 sterile
264 1124 420 1189 secunlum,
437 1133 470 1177 ut
478 1140 534 1177 non
544 1130 573 1178 et
582 1125 655 1176 bona
665 1124 794 1192 exempla
802 1125 894 1193 prodi·

92 1197 174 1248 derit.

143 1265 190 1315 lll.
226 1266 381 1316 comitatae
390 1263 524 1331 profugos
534 1263 636 1316 liberos
648 1268 763 1316 matrem
780 1269 893 1316 secutas

34 1385 38 1391 ,
91 1336 208 1385 maritos
231 1335 261 1383 in
281 1334 379 1384 exsilia
399 1335 541 1398 coniuges:
577 1335 722 1400 propinqui
748 1333 895 1384 audentess

91 1407 252 1454 constantes
266 1403 375 1467 generi:
405 1406 569 1464 contumax,
595 1403 678 1452 etiam
693 1403 825 1452 adversus
839 1406 897 1452 lor-

90 1475 195 1533 menta,
213 1483 354 1521 servorum
366 1471 449 1522 tides:
466 1484 614 1536 supremae
624 1469 762 1521 clarorum
772 1471 895 1521 virorum

90 1542 287 1601 necessitates3
318 1540 379 1603 ipsa
398 1541 549 1590 necessitas
568 1539 681 1590 sortiter
699 1540 834 1601 tolosata3
867 1544 896 1590 et

90 1608 215 1661 laudatis
224 1610 399 1675 antiquorum
411 1608 545 1659 mortibus
556 1609 742 1674 panesexitus.
779 1608 896 1659 Praeter

90 1677 259 1743 multiplices
270 1692 362 1729 rerum
374 1676 558 1729 humanarum
569 1692 658 1739 casus,
677 1677 754 1728 caelo
766 1682 896 1743 terraque

89 1748 219 1815 prodigia
234 1752 263 1799 et
277 1746 423 1797 fulminum
439 1748 561 1797 monitus
577 1752 605 1798 et
620 1745 775 1797 iuuirorum
787 1758 896 1812 praesa·

90 1818 149 1883 gia,
167 1816 254 1878 laeta,
273 1817 377 1878 tristia,
396 1816 539 1883 ambigua,
559 1814 713 1867 manifesta
749 1814 808 1867 Nec
823 1815 895 1866 enim

89 1900 211 1953 unquam
224 1888 406 1937 atrocioribus
417 1885 516 1951 Populi
528 1886 607 1937 Rom.
618 1885 755 1947 cladibus,
772 1885 895 1953 magisve

89 1956 172 2008 iustis
187 1955 294 2005 indiciis
309 1956 492 2021 adprobatum
509 1960 566 2017 est,
585 1969 639 2005 non
656 1968 719 2006 esse
733 1968 818 2007 curae
827 1952 895 2005 Deis

89 2024 268 2077 securitatem
280 2030 416 2087 nostram,
436 2039 497 2076 esse
506 2024 652 2076 ultionem.

144 2092 192 2143 lV.
229 2092 371 2157 Ceterum,
394 2100 542 2160 antequam
563 2093 703 2144 destinata
723 2104 896 2159 componam,

90 2160 272 2228 repetendum
284 2163 406 2223 videtur,
425 2162 516 2229 qualis
526 2167 617 2213 status
628 2164 718 2225 urhis,
737 2176 806 2229 quae
817 2176 895 2211 mens

91 2229 275 2292 exercituum,
292 2232 353 2297 quis
363 2230 474 2282 habitus
484 2233 699 2296 provinciarum,
719 2230 783 2298 quid
795 2231 823 2279 in
833 2233 895 2279 toto

90 2303 231 2349 terrarum
248 2300 458 2363 orbevalidum,
477 2299 543 2366 quid
558 2314 670 2367 aegrum
682 2298 778 2361 fuerin
796 2304 895 2349 utnon

88 2368 174 2420 modo
190 2382 269 2419 casus
286 2375 453 2435 eventusque
468 2382 577 2431 rerum,
600 2371 646 2437 qui
662 2368 825 2435 plerumque
841 2366 896 2418 for·

26 2445 30 2456 “
90 2438 157 2489 tuiti
178 2441 257 2498 sunt,
283 2435 423 2488 saltatio
444 2438 527 2503 etiam
548 2452 717 2505 caussaeque
737 2441 895 2489 noscantur.

89 2499 169 2559 Finis
183 2505 304 2562 Neronis
317 2511 350 2556 ut
363 2506 468 2569 laetus,
493 2506 581 2572 primo
596 2506 774 2575 gaudentium
791 2507 897 2571 inpetu,

90 2572 193 2637 fuerat,
203 2576 241 2625 ita
253 2574 343 2626 varios
353 2580 444 2627 motus
454 2577 618 2639 emmenum,
629 2592 685 2628 non
695 2573 897 2635 modoinurbe,

90 2644 168 2712 apud
187 2643 297 2709 Patres,
319 2650 369 2697 aut
387 2646 534 2714 populum,
553 2653 602 2699 aut
619 2646 755 2697 urbanum
769 2642 896 2706 militen,
