<?xml version="1.0" encoding="UTF-8"?>
<!DOCTYPE html PUBLIC "-//W3C//DTD XHTML 1.0 Transitional//EN"
    "http://www.w3.org/TR/xhtml1/DTD/xhtml1-transitional.dtd">
<html xmlns="http://www.w3.org/1999/xhtml" xml:lang="en" lang="en">
 <head>
  <title>
</title>
<meta http-equiv="Content-Type" content="text/html;charset=utf-8" />
  <meta name='ocr-system' content='tesseract 3.04.00' />
  <meta name='ocr-capabilities' content='ocr_page ocr_carea ocr_par ocr_line ocrx_word'/>
</head>
<body>
  <div class='ocr_page' id='page_1' title='image "./ccorneliitaciti00socigoog/ccorneliitaciti00socigoog_0455.png"; bbox 0 0 2034 3025; ppageno 0'>
   <div class='ocr_carea' id='block_1_1' title="bbox 116 51 827 165">
    <p class='ocr_par' dir='ltr' id='par_1_1' title="bbox 116 51 827 165">
     <span class='ocr_line' id='line_1_1' title="bbox 116 51 827 165; baseline -0.001 -37"><span class='ocrx_word' id='word_1_1' title='bbox 116 70 520 165; x_wconf 56' lang='lat' dir='ltr'><strong><em>afflsn·0n1snvm</em></strong></span> <span class='ocrx_word' id='word_1_2' title='bbox 539 51 827 145; x_wconf 48' lang='lat' dir='ltr'><strong><em>[nunnioni]</em></strong></span> 
     </span>
    </p>
   </div>
   <div class='ocr_carea' id='block_1_2' title="bbox 57 177 975 1486">
    <p class='ocr_par' dir='ltr' id='par_1_2' title="bbox 57 177 975 1486">
     <span class='ocr_line' id='line_1_2' title="bbox 116 177 922 262; baseline 0 -30"><span class='ocrx_word' id='word_1_3' title='bbox 116 177 203 232; x_wconf 85' lang='lat' dir='ltr'><strong><em>media</em></strong></span> <span class='ocrx_word' id='word_1_4' title='bbox 217 187 310 230; x_wconf 70' lang='lat' dir='ltr'><strong><em>norst:</em></strong></span> <span class='ocrx_word' id='word_1_5' title='bbox 328 179 391 230; x_wconf 85' lang='lat' dir='ltr'><strong><em>dam</em></strong></span> <span class='ocrx_word' id='word_1_6' title='bbox 401 178 486 262; x_wconf 76' lang='lat' dir='ltr'><strong><em>salsis</em></strong></span> <span class='ocrx_word' id='word_1_7' title='bbox 501 179 667 244; x_wconf 83' lang='lat' dir='ltr'><strong><em>nominibus,</em></strong></span> <span class='ocrx_word' id='word_1_8' title='bbox 684 180 855 231; x_wconf 70' lang='lat' dir='ltr'><strong><em>tenuitatem</em></strong></span> <span class='ocrx_word' id='word_1_9' title='bbox 865 196 922 247; x_wconf 87' lang='lat' dir='ltr'><strong><em>pro</em></strong></span> 
     </span>
     <span class='ocr_line' id='line_1_3' title="bbox 115 246 923 316; baseline 0.002 -16"><span class='ocrx_word' id='word_1_10' title='bbox 115 246 244 312; x_wconf 81' lang='lat' dir='ltr'><strong><em>saeuitia,</em></strong></span> <span class='ocrx_word' id='word_1_11' title='bbox 262 246 454 314; x_wconf 80' lang='lat' dir='ltr'><strong><em>parsimoniam</em></strong></span> <span class='ocrx_word' id='word_1_12' title='bbox 461 264 514 314; x_wconf 86' lang='lat' dir='ltr'><strong><em>pro</em></strong></span> <span class='ocrx_word' id='word_1_13' title='bbox 524 247 661 311; x_wconf 80' lang='lat' dir='ltr'><strong><em>avaritia,</em></strong></span> <span class='ocrx_word' id='word_1_14' title='bbox 679 247 814 316; x_wconf 79' lang='lat' dir='ltr'><strong><em>supplicia</em></strong></span> <span class='ocrx_word' id='word_1_15' title='bbox 824 258 851 300; x_wconf 86' lang='lat' dir='ltr'><strong><em>et</em></strong></span> <span class='ocrx_word' id='word_1_16' title='bbox 859 266 923 303; x_wconf 86' lang='lat' dir='ltr'><strong><em>con·</em></strong></span> 
     </span>
     <span class='ocr_line' id='line_1_4' title="bbox 116 316 923 386; baseline 0.002 -18"><span class='ocrx_word' id='word_1_17' title='bbox 116 316 242 379; x_wconf 81' lang='lat' dir='ltr'><strong><em>tumelias</em></strong></span> <span class='ocrx_word' id='word_1_18' title='bbox 251 321 367 379; x_wconf 66' lang='lat' dir='ltr'><strong><em>oestron*</em></strong></span> <span class='ocrx_word' id='word_1_19' title='bbox 378 316 547 384; x_wconf 65' lang='lat' dir='ltr'><strong><em>disciplinam</em></strong></span> <span class='ocrx_word' id='word_1_20' title='bbox 556 317 683 385; x_wconf 85' lang='lat' dir='ltr'><strong><em>adpellat.</em></strong></span> <span class='ocrx_word' id='word_1_21' title='bbox 721 317 829 386; x_wconf 79' lang='lat' dir='ltr'><strong><em>Septem</em></strong></span> <span class='ocrx_word' id='word_1_22' title='bbox 837 334 855 368; x_wconf 88' lang='lat' dir='ltr'><strong><em>a</em></strong></span> <span class='ocrx_word' id='word_1_23' title='bbox 865 317 923 371; x_wconf 81' lang='lat' dir='ltr'><strong><em>Ne·</em></strong></span> 
     </span>
     <span class='ocr_line' id='line_1_5' title="bbox 115 385 923 454; baseline 0.001 -16"><span class='ocrx_word' id='word_1_24' title='bbox 115 385 254 454; x_wconf 82' lang='lat' dir='ltr'><strong><em>ronisflne</em></strong></span> <span class='ocrx_word' id='word_1_25' title='bbox 265 401 363 438; x_wconf 83' lang='lat' dir='ltr'><strong><em>menses</em></strong></span> <span class='ocrx_word' id='word_1_26' title='bbox 372 394 444 452; x_wconf 69' lang='lat' dir='ltr'><strong><em>punt,</em></strong></span> <span class='ocrx_word' id='word_1_27' title='bbox 455 393 483 436; x_wconf 83' lang='lat' dir='ltr'><strong><em>et</em></strong></span> <span class='ocrx_word' id='word_1_28' title='bbox 490 385 548 436; x_wconf 87' lang='lat' dir='ltr'><strong><em>iam</em></strong></span> <span class='ocrx_word' id='word_1_29' title='bbox 553 387 616 452; x_wconf 81' lang='lat' dir='ltr'><strong><em>plns</em></strong></span> <span class='ocrx_word' id='word_1_30' title='bbox 625 386 721 454; x_wconf 85' lang='lat' dir='ltr'><strong><em>rapuit</em></strong></span> <span class='ocrx_word' id='word_1_31' title='bbox 727 386 823 448; x_wconf 81' lang='lat' dir='ltr'><strong><em>Icelus,</em></strong></span> <span class='ocrx_word' id='word_1_32' title='bbox 838 403 923 454; x_wconf 77' lang='lat' dir='ltr'><strong><em>ouans</em></strong></span> 
     </span>
     <span class='ocr_line' id='line_1_6' title="bbox 115 452 921 524; baseline 0.002 -18"><span class='ocrx_word' id='word_1_33' title='bbox 115 455 187 524; x_wconf 75' lang='lat' dir='ltr'><strong><em>qaod</em></strong></span> <span class='ocrx_word' id='word_1_34' title='bbox 196 454 329 524; x_wconf 75' lang='lat' dir='ltr'><strong><em>Polycleti</em></strong></span> <span class='ocrx_word' id='word_1_35' title='bbox 339 463 367 505; x_wconf 87' lang='lat' dir='ltr'><strong><em>et</em></strong></span> <span class='ocrx_word' id='word_1_36' title='bbox 382 452 488 506; x_wconf 76' lang='lat' dir='ltr'><strong><em>Vatinii</em></strong></span> <span class='ocrx_word' id='word_1_37' title='bbox 496 463 524 506; x_wconf 88' lang='lat' dir='ltr'><strong><em>et</em></strong></span> <span class='ocrx_word' id='word_1_38' title='bbox 533 453 594 506; x_wconf 88' lang='lat' dir='ltr'><strong><em>Elii</em></strong></span> <span class='ocrx_word' id='word_1_39' title='bbox 600 464 777 523; x_wconf 83' lang='lat' dir='ltr'><strong><em>paraverunt.</em></strong></span> <span class='ocrx_word' id='word_1_40' title='bbox 810 455 921 513; x_wconf 76' lang='lat' dir='ltr'><strong><em>Minore</em></strong></span> 
     </span>
     <span class='ocr_line' id='line_1_7' title="bbox 115 522 921 592; baseline 0.001 -16"><span class='ocrx_word' id='word_1_41' title='bbox 115 523 237 576; x_wconf 81' lang='lat' dir='ltr'><strong><em>auaritia</em></strong></span> <span class='ocrx_word' id='word_1_42' title='bbox 252 539 285 575; x_wconf 85' lang='lat' dir='ltr'><strong><em>aa</em></strong></span> <span class='ocrx_word' id='word_1_43' title='bbox 295 522 405 577; x_wconf 86' lang='lat' dir='ltr'><strong><em>lieentia</em></strong></span> <span class='ocrx_word' id='word_1_44' title='bbox 417 531 562 592; x_wconf 82' lang='lat' dir='ltr'><strong><em>grassatus</em></strong></span> <span class='ocrx_word' id='word_1_45' title='bbox 573 533 640 576; x_wconf 86' lang='lat' dir='ltr'><strong><em>esset</em></strong></span> <span class='ocrx_word' id='word_1_46' title='bbox 654 523 684 576; x_wconf 82' lang='grc' dir='ltr'><strong><em>Τ.</em></strong></span> <span class='ocrx_word' id='word_1_47' title='bbox 702 523 811 588; x_wconf 82' lang='lat' dir='ltr'><strong><em>Vinius,</em></strong></span> <span class='ocrx_word' id='word_1_48' title='bbox 828 525 921 592; x_wconf 84' lang='lat' dir='ltr'><strong><em>siipse</em></strong></span> 
     </span>
     <span class='ocr_line' id='line_1_8' title="bbox 115 589 921 661; baseline 0.004 -19"><span class='ocrx_word' id='word_1_49' title='bbox 115 592 289 660; x_wconf 77' lang='lat' dir='ltr'><strong><em>imperasset.-</em></strong></span> <span class='ocrx_word' id='word_1_50' title='bbox 311 607 381 646; x_wconf 81' lang='lat' dir='ltr'><strong><em>nuno</em></strong></span> <span class='ocrx_word' id='word_1_51' title='bbox 395 601 423 643; x_wconf 87' lang='lat' dir='ltr'><strong><em>et</em></strong></span> <span class='ocrx_word' id='word_1_52' title='bbox 437 589 569 643; x_wconf 80' lang='lat' dir='ltr'><strong><em>&#39;subiectos</em></strong></span> <span class='ocrx_word' id='word_1_53' title='bbox 583 608 632 645; x_wconf 83' lang='lat' dir='ltr'><strong><em>nos</em></strong></span> <span class='ocrx_word' id='word_1_54' title='bbox 646 591 757 656; x_wconf 79' lang='lat' dir='ltr'><strong><em>babuit,</em></strong></span> <span class='ocrx_word' id='word_1_55' title='bbox 781 603 921 661; x_wconf 85' lang='lat' dir='ltr'><strong><em>tamqnam</em></strong></span> 
     </span>
     <span class='ocr_line' id='line_1_9' title="bbox 115 658 920 728; baseline 0.002 -16"><span class='ocrx_word' id='word_1_56' title='bbox 115 676 177 713; x_wconf 83' lang='lat' dir='ltr'><strong><em>snm</em></strong></span> <span class='ocrx_word' id='word_1_57' title='bbox 188 669 215 713; x_wconf 90' lang='lat' dir='ltr'><strong><em>et</em></strong></span> <span class='ocrx_word' id='word_1_58' title='bbox 224 659 301 722; x_wconf 81' lang='lat' dir='ltr'><strong><em>viles,</em></strong></span> <span class='ocrx_word' id='word_1_59' title='bbox 320 661 352 712; x_wconf 80' lang='lat' dir='ltr'><strong><em>ut</em></strong></span> <span class='ocrx_word' id='word_1_60' title='bbox 363 660 481 712; x_wconf 60' lang='lat' dir='ltr'><strong><em>ortena„</em></strong></span> <span class='ocrx_word' id='word_1_61' title='bbox 515 658 574 712; x_wconf 83' lang='lat' dir='ltr'><strong><em>Vna</em></strong></span> <span class='ocrx_word' id='word_1_62' title='bbox 588 661 637 713; x_wconf 89' lang='lat' dir='ltr'><strong><em>illa</em></strong></span> <span class='ocrx_word' id='word_1_63' title='bbox 652 662 744 713; x_wconf 86' lang='lat' dir='ltr'><strong><em>domus</em></strong></span> <span class='ocrx_word' id='word_1_64' title='bbox 759 662 864 728; x_wconf 80' lang='lat' dir='ltr'><strong><em>suffieit</em></strong></span> <span class='ocrx_word' id='word_1_65' title='bbox 875 663 920 714; x_wconf 86' lang='lat' dir='ltr'><strong><em>do·</em></strong></span> 
     </span>
     <span class='ocr_line' id='line_1_10' title="bbox 116 728 921 848; baseline 0.004 -67"><span class='ocrx_word' id='word_1_66' title='bbox 116 729 224 848; x_wconf 65' lang='lat' dir='ltr'><strong><em>patino,</em></strong></span> <span class='ocrx_word' id='word_1_67' title='bbox 242 729 314 797; x_wconf 81' lang='lat' dir='ltr'><strong><em>quod</em></strong></span> <span class='ocrx_word' id='word_1_68' title='bbox 320 728 393 782; x_wconf 81' lang='lat' dir='ltr'><strong><em>volit</em></strong></span> <span class='ocrx_word' id='word_1_69' title='bbox 406 743 546 794; x_wconf 82' lang='lat' dir='ltr'><strong><em>nunquam</em></strong></span> <span class='ocrx_word' id='word_1_70' title='bbox 559 729 657 794; x_wconf 80' lang='lat' dir='ltr'><strong><em>datar,</em></strong></span> <span class='ocrx_word' id='word_1_71' title='bbox 675 738 702 784; x_wconf 85' lang='lat' dir='ltr'><strong><em>et</em></strong></span> <span class='ocrx_word' id='word_1_72' title='bbox 712 731 811 784; x_wconf 74' lang='lat' dir='ltr'><strong><em>cotidie</em></strong></span> <span class='ocrx_word' id='word_1_73' title='bbox 825 746 921 798; x_wconf 83' lang='lat' dir='ltr'><strong><em>enpro-</em></strong></span> 
     </span>
     <span class='ocr_line' id='line_1_11' title="bbox 134 807 975 850; baseline 0 -2"><span class='ocrx_word' id='word_1_74' title='bbox 134 807 220 850; x_wconf 82' lang='lat' dir='ltr'><strong><em>rotun</em></strong></span> <span class='ocrx_word' id='word_1_75' title='bbox 802 836 804 839; x_wconf 82' lang='lat'>.</span> <span class='ocrx_word' id='word_1_76' title='bbox 972 841 975 848; x_wconf 92' lang='lat'>.</span> 
     </span>
     <span class='ocr_line' id='line_1_12' title="bbox 118 865 922 936; baseline 0.001 -18"><span class='ocrx_word' id='word_1_77' title='bbox 118 878 120 883; x_wconf 84' lang='grc'><strong><em>’</em></strong></span> <span class='ocrx_word' id='word_1_78' title='bbox 168 865 318 918; x_wconf 76' lang='lat' dir='ltr'><strong><em>xxxviii.</em></strong></span> <span class='ocrx_word' id='word_1_79' title='bbox 355 865 412 930; x_wconf 77' lang='lat' dir='ltr'><strong><em>Aa,</em></strong></span> <span class='ocrx_word' id='word_1_80' title='bbox 429 883 463 919; x_wconf 84' lang='lat' dir='ltr'><strong><em>ne</em></strong></span> <span class='ocrx_word' id='word_1_81' title='bbox 472 883 531 936; x_wconf 73' lang='lat' dir='ltr'><strong><em>oua</em></strong></span> <span class='ocrx_word' id='word_1_82' title='bbox 545 867 680 920; x_wconf 82' lang='lat' dir='ltr'><strong><em>saltemin</em></strong></span> <span class='ocrx_word' id='word_1_83' title='bbox 690 885 841 920; x_wconf 81' lang='lat' dir='ltr'><strong><em>successore</em></strong></span> <span class='ocrx_word' id='word_1_84' title='bbox 854 869 922 935; x_wconf 66' lang='lat' dir='ltr'><strong><em>Gal-</em></strong></span> 
     </span>
     <span class='ocr_line' id='line_1_13' title="bbox 117 934 922 1004; baseline 0.004 -19"><span class='ocrx_word' id='word_1_85' title='bbox 117 935 165 986; x_wconf 82' lang='lat' dir='ltr'><strong><em>bae</em></strong></span> <span class='ocrx_word' id='word_1_86' title='bbox 181 950 239 1003; x_wconf 84' lang='lat' dir='ltr'><strong><em>spes</em></strong></span> <span class='ocrx_word' id='word_1_87' title='bbox 255 943 334 996; x_wconf 78' lang='lat' dir='ltr'><strong><em>esset,</em></strong></span> <span class='ocrx_word' id='word_1_88' title='bbox 357 936 472 988; x_wconf 82' lang='lat' dir='ltr'><strong><em>arcessit</em></strong></span> <span class='ocrx_word' id='word_1_89' title='bbox 485 937 519 988; x_wconf 82' lang='lat' dir='ltr'><strong><em>ab</em></strong></span> <span class='ocrx_word' id='word_1_90' title='bbox 534 934 643 1000; x_wconf 82' lang='lat' dir='ltr'><strong><em>exsilio,</em></strong></span> <span class='ocrx_word' id='word_1_91' title='bbox 667 953 745 1004; x_wconf 76' lang='lat' dir='ltr'><strong><em>quen.</em></strong></span> <span class='ocrx_word' id='word_1_92' title='bbox 760 937 878 989; x_wconf 85' lang='lat' dir='ltr'><strong><em>tristitia</em></strong></span> <span class='ocrx_word' id='word_1_93' title='bbox 891 946 922 988; x_wconf 81' lang='lat' dir='ltr'><strong><em>et</em></strong></span> 
     </span>
     <span class='ocr_line' id='line_1_14' title="bbox 116 1003 923 1069; baseline 0 -13"><span class='ocrx_word' id='word_1_94' title='bbox 116 1003 238 1066; x_wconf 58' lang='lat' dir='ltr'><strong><em>anantio</em></strong></span> <span class='ocrx_word' id='word_1_95' title='bbox 247 1003 291 1054; x_wconf 88' lang='lat' dir='ltr'><strong><em>sui</em></strong></span> <span class='ocrx_word' id='word_1_96' title='bbox 300 1003 465 1056; x_wconf 80' lang='lat' dir='ltr'><strong><em>simillimam</em></strong></span> <span class='ocrx_word' id='word_1_97' title='bbox 479 1005 628 1056; x_wconf 79' lang='lat' dir='ltr'><strong><em>iudicabat.</em></strong></span> <span class='ocrx_word' id='word_1_98' title='bbox 669 1006 796 1069; x_wconf 81' lang='lat' dir='ltr'><strong><em>Vidistis,</em></strong></span> <span class='ocrx_word' id='word_1_99' title='bbox 813 1005 923 1069; x_wconf 83' lang='lat' dir='ltr'><strong><em>comasi-</em></strong></span> 
     </span>
     <span class='ocr_line' id='line_1_15' title="bbox 57 1072 921 1146; baseline 0.001 -24"><span class='ocrx_word' id='word_1_100' title='bbox 57 1095 60 1098; x_wconf 97' lang='lat'>·</span> <span class='ocrx_word' id='word_1_101' title='bbox 116 1073 225 1135; x_wconf 83' lang='lat' dir='ltr'><strong><em>litones,</em></strong></span> <span class='ocrx_word' id='word_1_102' title='bbox 259 1072 375 1126; x_wconf 79' lang='lat' dir='ltr'><strong><em>notabili</em></strong></span> <span class='ocrx_word' id='word_1_103' title='bbox 392 1081 552 1140; x_wconf 77' lang='lat' dir='ltr'><strong><em>tempestate</em></strong></span> <span class='ocrx_word' id='word_1_104' title='bbox 570 1073 654 1139; x_wconf 84' lang='lat' dir='ltr'><strong><em>etiam</em></strong></span> <span class='ocrx_word' id='word_1_105' title='bbox 673 1075 747 1128; x_wconf 86' lang='lat' dir='ltr'><strong><em>Deos</em></strong></span> <span class='ocrx_word' id='word_1_106' title='bbox 764 1076 921 1146; x_wconf 85' lang='lat' dir='ltr'><strong><em>infaustam</em></strong></span> 
     </span>
     <span class='ocr_line' id='line_1_16' title="bbox 116 1141 922 1208; baseline 0.002 -16"><span class='ocrx_word' id='word_1_107' title='bbox 116 1141 288 1208; x_wconf 86' lang='lat' dir='ltr'><strong><em>adoptionem</em></strong></span> <span class='ocrx_word' id='word_1_108' title='bbox 298 1145 461 1194; x_wconf 83' lang='lat' dir='ltr'><strong><em>aversantes.</em></strong></span> <span class='ocrx_word' id='word_1_109' title='bbox 497 1143 572 1194; x_wconf 74' lang='lat' dir='ltr'><strong><em>Ideni</em></strong></span> <span class='ocrx_word' id='word_1_110' title='bbox 588 1141 719 1208; x_wconf 79' lang='lat' dir='ltr'><strong><em>Senatus,</em></strong></span> <span class='ocrx_word' id='word_1_111' title='bbox 737 1145 808 1195; x_wconf 87' lang='lat' dir='ltr'><strong><em>idem</em></strong></span> <span class='ocrx_word' id='word_1_112' title='bbox 817 1143 922 1208; x_wconf 77' lang='lat' dir='ltr'><strong><em>Populi</em></strong></span> 
     </span>
     <span class='ocr_line' id='line_1_17' title="bbox 116 1207 924 1280; baseline 0.002 -20"><span class='ocrx_word' id='word_1_113' title='bbox 116 1207 195 1262; x_wconf 84' lang='lat' dir='ltr'><strong><em>Rorn.</em></strong></span> <span class='ocrx_word' id='word_1_114' title='bbox 213 1209 383 1262; x_wconf 78' lang='lat' dir='ltr'><strong><em>animasset.</em></strong></span> <span class='ocrx_word' id='word_1_115' title='bbox 424 1209 522 1263; x_wconf 78' lang='lat' dir='ltr'><strong><em>Vestra</em></strong></span> <span class='ocrx_word' id='word_1_116' title='bbox 535 1210 623 1262; x_wconf 73' lang='lat' dir='ltr'><strong><em>oirtm</em></strong></span> <span class='ocrx_word' id='word_1_117' title='bbox 638 1222 823 1280; x_wconf 78' lang='lat' dir='ltr'><strong><em>exspectatur,</em></strong></span> <span class='ocrx_word' id='word_1_118' title='bbox 847 1211 924 1277; x_wconf 83' lang='lat' dir='ltr'><strong><em>apud</em></strong></span> 
     </span>
     <span class='ocr_line' id='line_1_18' title="bbox 116 1277 920 1350; baseline 0.002 -21"><span class='ocrx_word' id='word_1_119' title='bbox 116 1293 181 1345; x_wconf 78' lang='lat' dir='ltr'><strong><em>quos</em></strong></span> <span class='ocrx_word' id='word_1_120' title='bbox 201 1294 277 1331; x_wconf 78' lang='lat' dir='ltr'><strong><em>oinne</em></strong></span> <span class='ocrx_word' id='word_1_121' title='bbox 296 1277 414 1330; x_wconf 74' lang='lat' dir='ltr'><strong><em>nonestis</em></strong></span> <span class='ocrx_word' id='word_1_122' title='bbox 432 1279 551 1332; x_wconf 79' lang='lat' dir='ltr'><strong><em>consiliis</em></strong></span> <span class='ocrx_word' id='word_1_123' title='bbox 569 1279 663 1344; x_wconf 81' lang='lat' dir='ltr'><strong><em>solur,</em></strong></span> <span class='ocrx_word' id='word_1_124' title='bbox 691 1291 719 1335; x_wconf 87' lang='lat' dir='ltr'><strong><em>et</em></strong></span> <span class='ocrx_word' id='word_1_125' title='bbox 738 1282 795 1334; x_wconf 83' lang='lat' dir='ltr'><strong><em>sine</em></strong></span> <span class='ocrx_word' id='word_1_126' title='bbox 815 1280 920 1350; x_wconf 78' lang='lat' dir='ltr'><strong><em>quibat,</em></strong></span> 
     </span>
     <span class='ocr_line' id='line_1_19' title="bbox 113 1346 920 1417; baseline 0.002 -19"><span class='ocrx_word' id='word_1_127' title='bbox 113 1347 237 1416; x_wconf 13' lang='lat' dir='ltr'><strong><em>,proamnis</em></strong></span> <span class='ocrx_word' id='word_1_128' title='bbox 247 1346 375 1417; x_wconf 78' lang='lat' dir='ltr'><strong><em>egregia,</em></strong></span> <span class='ocrx_word' id='word_1_129' title='bbox 392 1348 513 1401; x_wconf 81' lang='lat' dir='ltr'><strong><em>insolida</em></strong></span> <span class='ocrx_word' id='word_1_130' title='bbox 527 1357 599 1401; x_wconf 78' lang='lat' dir='ltr'><strong><em>sunt.</em></strong></span> <span class='ocrx_word' id='word_1_131' title='bbox 635 1347 697 1404; x_wconf 88' lang='lat' dir='ltr'><strong><em>Non</em></strong></span> <span class='ocrx_word' id='word_1_132' title='bbox 712 1353 749 1403; x_wconf 87' lang='lat' dir='ltr'><strong><em>ad</em></strong></span> <span class='ocrx_word' id='word_1_133' title='bbox 758 1351 854 1403; x_wconf 80' lang='lat' dir='ltr'><strong><em>bellum</em></strong></span> <span class='ocrx_word' id='word_1_134' title='bbox 863 1364 920 1412; x_wconf 78' lang='lat' dir='ltr'><strong><em>not,</em></strong></span> 
     </span>
     <span class='ocr_line' id='line_1_20' title="bbox 115 1416 920 1486; baseline 0.001 -18"><span class='ocrx_word' id='word_1_135' title='bbox 115 1433 163 1469; x_wconf 78' lang='lat' dir='ltr'><strong><em>net</em></strong></span> <span class='ocrx_word' id='word_1_136' title='bbox 178 1418 214 1469; x_wconf 89' lang='lat' dir='ltr'><strong><em>nd</em></strong></span> <span class='ocrx_word' id='word_1_137' title='bbox 228 1416 382 1486; x_wconf 85' lang='lat' dir='ltr'><strong><em>perieulum</em></strong></span> <span class='ocrx_word' id='word_1_138' title='bbox 398 1434 477 1471; x_wconf 81' lang='lat' dir='ltr'><strong><em>noco:</em></strong></span> <span class='ocrx_word' id='word_1_139' title='bbox 506 1419 624 1471; x_wconf 85' lang='lat' dir='ltr'><strong><em>omnium</em></strong></span> <span class='ocrx_word' id='word_1_140' title='bbox 644 1421 761 1473; x_wconf 85' lang='lat' dir='ltr'><strong><em>militum</em></strong></span> <span class='ocrx_word' id='word_1_141' title='bbox 781 1435 859 1470; x_wconf 82' lang='lat' dir='ltr'><strong><em>arrrsa</em></strong></span> <span class='ocrx_word' id='word_1_142' title='bbox 872 1435 920 1469; x_wconf 91' lang='lat' dir='ltr'><strong><em>no·</em></strong></span> 
     </span>
    </p>
   </div>
   <div class='ocr_carea' id='block_1_3' title="bbox 21 1484 923 1693">
    <p class='ocr_par' dir='ltr' id='par_1_3' title="bbox 21 1484 923 1693">
     <span class='ocr_line' id='line_1_21' title="bbox 29 1484 922 1560; baseline 0.001 -22"><span class='ocrx_word' id='word_1_143' title='bbox 29 1535 34 1543; x_wconf 93' lang='grc'><em>,</em></span> <span class='ocrx_word' id='word_1_144' title='bbox 101 1485 309 1539; x_wconf 69' lang='lat' dir='ltr'><strong><em>dissonarent.</em></strong></span> <span class='ocrx_word' id='word_1_145' title='bbox 346 1484 404 1539; x_wconf 88' lang='lat' dir='ltr'><strong><em>Neo</em></strong></span> <span class='ocrx_word' id='word_1_146' title='bbox 423 1503 478 1552; x_wconf 79' lang='lat' dir='ltr'><strong><em>nna</em></strong></span> <span class='ocrx_word' id='word_1_147' title='bbox 492 1486 588 1541; x_wconf 79' lang='lat' dir='ltr'><strong><em>cotors</em></strong></span> <span class='ocrx_word' id='word_1_148' title='bbox 603 1497 701 1559; x_wconf 81' lang='lat' dir='ltr'><strong><em>togata</em></strong></span> <span class='ocrx_word' id='word_1_149' title='bbox 716 1488 838 1560; x_wconf 82' lang='lat' dir='ltr'><strong><em>defendit</em></strong></span> <span class='ocrx_word' id='word_1_150' title='bbox 848 1501 922 1539; x_wconf 76' lang='lat' dir='ltr'><strong><em>nune</em></strong></span> 
     </span>
     <span class='ocr_line' id='line_1_22' title="bbox 21 1554 923 1625; baseline -0.002 -18"><span class='ocrx_word' id='word_1_151' title='bbox 21 1588 35 1593; x_wconf 31' lang='lat' dir='ltr'><strong><em>a</em></strong></span> <span class='ocrx_word' id='word_1_152' title='bbox 76 1602 91 1609; x_wconf 83' lang='grc'><strong><em>,,</em></strong></span> <span class='ocrx_word' id='word_1_153' title='bbox 121 1556 250 1619; x_wconf 81' lang='lat' dir='ltr'><strong><em>Galbam,</em></strong></span> <span class='ocrx_word' id='word_1_154' title='bbox 267 1556 313 1608; x_wconf 82' lang='lat' dir='ltr'><strong><em>sed</em></strong></span> <span class='ocrx_word' id='word_1_155' title='bbox 327 1556 438 1609; x_wconf 83' lang='lat' dir='ltr'><strong><em>detinet.</em></strong></span> <span class='ocrx_word' id='word_1_156' title='bbox 476 1554 545 1608; x_wconf 83' lang='lat' dir='ltr'><strong><em>Cant</em></strong></span> <span class='ocrx_word' id='word_1_157' title='bbox 559 1574 605 1609; x_wconf 87' lang='lat' dir='ltr'><strong><em>nos</em></strong></span> <span class='ocrx_word' id='word_1_158' title='bbox 622 1558 790 1625; x_wconf 73' lang='lat' dir='ltr'><strong><em>adspexerit,</em></strong></span> <span class='ocrx_word' id='word_1_159' title='bbox 810 1572 870 1607; x_wconf 81' lang='lat' dir='ltr'><strong><em>anns</em></strong></span> <span class='ocrx_word' id='word_1_160' title='bbox 885 1556 923 1605; x_wconf 85' lang='lat' dir='ltr'><strong><em>si-</em></strong></span> 
     </span>
     <span class='ocr_line' id='line_1_23' title="bbox 29 1622 923 1693; baseline 0.001 -18"><span class='ocrx_word' id='word_1_161' title='bbox 29 1625 32 1631; x_wconf 79' lang='grc'><strong>“</strong></span> <span class='ocrx_word' id='word_1_162' title='bbox 102 1640 204 1693; x_wconf 70' lang='lat' dir='ltr'><strong><em>:gnum</em></strong></span> <span class='ocrx_word' id='word_1_163' title='bbox 214 1640 299 1678; x_wconf 77' lang='lat' dir='ltr'><strong><em>nuum</em></strong></span> <span class='ocrx_word' id='word_1_164' title='bbox 309 1625 458 1692; x_wconf 79' lang='lat' dir='ltr'><strong><em>acceperit3</em></strong></span> <span class='ocrx_word' id='word_1_165' title='bbox 476 1622 526 1677; x_wconf 80' lang='lat' dir='ltr'><strong><em>boo</em></strong></span> <span class='ocrx_word' id='word_1_166' title='bbox 535 1628 620 1677; x_wconf 85' lang='lat' dir='ltr'><strong><em>solnm</em></strong></span> <span class='ocrx_word' id='word_1_167' title='bbox 628 1627 683 1678; x_wconf 82' lang='lat' dir='ltr'><strong><em>erit</em></strong></span> <span class='ocrx_word' id='word_1_168' title='bbox 693 1634 841 1685; x_wconf 84' lang='lat' dir='ltr'><strong><em>certamen,</em></strong></span> <span class='ocrx_word' id='word_1_169' title='bbox 859 1622 923 1690; x_wconf 76' lang='lat' dir='ltr'><strong><em>onis</em></strong></span> 
     </span>
    </p>
   </div>
   <div class='ocr_carea' id='block_1_4' title="bbox 85 1691 938 2657">
    <p class='ocr_par' dir='ltr' id='par_1_4' title="bbox 114 1691 938 1827">
     <span class='ocr_line' id='line_1_24' title="bbox 121 1691 938 1761; baseline 0 -18"><span class='ocrx_word' id='word_1_170' title='bbox 121 1692 188 1745; x_wconf 80' lang='lat' dir='ltr'><strong><em>milei</em></strong></span> <span class='ocrx_word' id='word_1_171' title='bbox 194 1692 344 1760; x_wconf 68' lang='lat' dir='ltr'><strong><em>plurimum</em></strong></span> <span class='ocrx_word' id='word_1_172' title='bbox 357 1692 472 1761; x_wconf 76' lang='lat' dir='ltr'><strong><em>inputet.</em></strong></span> <span class='ocrx_word' id='word_1_173' title='bbox 508 1692 606 1743; x_wconf 82' lang='lat' dir='ltr'><strong><em>Nullus</em></strong></span> <span class='ocrx_word' id='word_1_174' title='bbox 619 1691 787 1744; x_wconf 84' lang='lat' dir='ltr'><strong><em>cunctationi</em></strong></span> <span class='ocrx_word' id='word_1_175' title='bbox 796 1694 868 1740; x_wconf 85' lang='lat' dir='ltr'><strong><em>loeus</em></strong></span> <span class='ocrx_word' id='word_1_176' title='bbox 878 1702 938 1759; x_wconf 74' lang='lat' dir='ltr'><strong><em>est¹</em></strong></span> 
     </span>
     <span class='ocr_line' id='line_1_25' title="bbox 114 1758 921 1827; baseline -0.002 -15"><span class='ocrx_word' id='word_1_177' title='bbox 114 1760 144 1813; x_wconf 94' lang='lat' dir='ltr'><strong><em>in</em></strong></span> <span class='ocrx_word' id='word_1_178' title='bbox 153 1778 183 1813; x_wconf 87' lang='lat' dir='ltr'><strong><em>eo</em></strong></span> <span class='ocrx_word' id='word_1_179' title='bbox 193 1761 311 1823; x_wconf 80' lang='lat' dir='ltr'><strong><em>oonsilio,</em></strong></span> <span class='ocrx_word' id='word_1_180' title='bbox 329 1760 685 1827; x_wconf 81' lang='lat' dir='ltr'><strong><em>qnodnonpotestlaudori,</em></strong></span> <span class='ocrx_word' id='word_1_181' title='bbox 702 1758 757 1812; x_wconf 84' lang='lat' dir='ltr'><strong><em>nisi</em></strong></span> <span class='ocrx_word' id='word_1_182' title='bbox 764 1766 921 1825; x_wconf 78' lang='lat' dir='ltr'><strong><em>peractam.</em></strong></span> 
     </span>
    </p>

    <p class='ocr_par' dir='ltr' id='par_1_5' title="bbox 113 1828 921 1895">
     <span class='ocr_line' id='line_1_26' title="bbox 113 1828 921 1895; baseline -0.009 -13"><span class='ocrx_word' id='word_1_183' title='bbox 113 1831 230 1895; x_wconf 73' lang='lat' dir='ltr'><strong><em>Aperite</em></strong></span> <span class='ocrx_word' id='word_1_184' title='bbox 241 1830 341 1882; x_wconf 66' lang='lat' dir='ltr'><strong><em>dmnde</em></strong></span> <span class='ocrx_word' id='word_1_185' title='bbox 351 1829 596 1881; x_wconf 79' lang='lat' dir='ltr'><strong><em>armamentarium</em></strong></span> <span class='ocrx_word' id='word_1_186' title='bbox 606 1828 695 1877; x_wconf 81' lang='lat' dir='ltr'><strong><em>iussit.</em></strong></span> <span class='ocrx_word' id='word_1_187' title='bbox 729 1830 811 1891; x_wconf 83' lang='lat' dir='ltr'><strong><em>rapta</em></strong></span> <span class='ocrx_word' id='word_1_188' title='bbox 821 1828 921 1880; x_wconf 83' lang='lat' dir='ltr'><strong><em>statim</em></strong></span> 
     </span>
    </p>

    <p class='ocr_par' dir='ltr' id='par_1_6' title="bbox 85 1896 916 1961">
     <span class='ocr_line' id='line_1_27' title="bbox 85 1896 916 1961; baseline -0.006 -10"><span class='ocrx_word' id='word_1_189' title='bbox 85 1944 88 1951; x_wconf 92' lang='grc'><em>,</em></span> <span class='ocrx_word' id='word_1_190' title='bbox 115 1912 209 1961; x_wconf 85' lang='lat' dir='ltr'><strong><em>armo,</em></strong></span> <span class='ocrx_word' id='word_1_191' title='bbox 227 1899 287 1951; x_wconf 87' lang='lat' dir='ltr'><strong><em>sine</em></strong></span> <span class='ocrx_word' id='word_1_192' title='bbox 297 1912 374 1949; x_wconf 83' lang='lat' dir='ltr'><strong><em>more</em></strong></span> <span class='ocrx_word' id='word_1_193' title='bbox 386 1903 414 1949; x_wconf 90' lang='lat' dir='ltr'><strong><em>et</em></strong></span> <span class='ocrx_word' id='word_1_194' title='bbox 424 1896 522 1949; x_wconf 86' lang='lat' dir='ltr'><strong><em>ordine</em></strong></span> <span class='ocrx_word' id='word_1_195' title='bbox 533 1896 659 1957; x_wconf 87' lang='lat' dir='ltr'><strong><em>militiae,</em></strong></span> <span class='ocrx_word' id='word_1_196' title='bbox 678 1899 710 1945; x_wconf 80' lang='lat' dir='ltr'><strong><em>ut</em></strong></span> <span class='ocrx_word' id='word_1_197' title='bbox 719 1896 916 1961; x_wconf 80' lang='lat' dir='ltr'><strong><em>praetorianus</em></strong></span> 
     </span>
    </p>

    <p class='ocr_par' dir='ltr' id='par_1_7' title="bbox 105 1964 917 2033">
     <span class='ocr_line' id='line_1_28' title="bbox 105 1964 917 2033; baseline -0.005 -16"><span class='ocrx_word' id='word_1_198' title='bbox 105 1970 164 2017; x_wconf 54' lang='lat' dir='ltr'><strong><em>¹aut</em></strong></span> <span class='ocrx_word' id='word_1_199' title='bbox 177 1966 346 2033; x_wconf 85' lang='lat' dir='ltr'><strong><em>legionarius</em></strong></span> <span class='ocrx_word' id='word_1_200' title='bbox 361 1966 515 2032; x_wconf 82' lang='lat' dir='ltr'><strong><em>insignibus</em></strong></span> <span class='ocrx_word' id='word_1_201' title='bbox 529 1964 586 2018; x_wconf 76' lang='lat' dir='ltr'><strong><em>suis</em></strong></span> <span class='ocrx_word' id='word_1_202' title='bbox 603 1964 837 2031; x_wconf 68' lang='lat' dir='ltr'><strong><em>distingueretur-2</em></strong></span> <span class='ocrx_word' id='word_1_203' title='bbox 864 1965 917 2015; x_wconf 91' lang='lat' dir='ltr'><strong><em>mi-</em></strong></span> 
     </span>
    </p>

    <p class='ocr_par' dir='ltr' id='par_1_8' title="bbox 114 2032 915 2100">
     <span class='ocr_line' id='line_1_29' title="bbox 114 2032 915 2100; baseline -0.002 -15"><span class='ocrx_word' id='word_1_204' title='bbox 114 2040 226 2085; x_wconf 75' lang='lat' dir='ltr'><strong><em>scentur</em></strong></span> <span class='ocrx_word' id='word_1_205' title='bbox 241 2034 421 2085; x_wconf 79' lang='lat' dir='ltr'><strong><em>auxiliaribus</em></strong></span> <span class='ocrx_word' id='word_1_206' title='bbox 430 2033 519 2099; x_wconf 81' lang='lat' dir='ltr'><strong><em>galeis</em></strong></span> <span class='ocrx_word' id='word_1_207' title='bbox 534 2033 683 2100; x_wconf 82' lang='lat' dir='ltr'><strong><em>scutisque.</em></strong></span> <span class='ocrx_word' id='word_1_208' title='bbox 719 2032 803 2085; x_wconf 88' lang='lat' dir='ltr'><strong><em>Nullo</em></strong></span> <span class='ocrx_word' id='word_1_209' title='bbox 814 2034 915 2085; x_wconf 86' lang='lat' dir='ltr'><strong><em>Tribu-</em></strong></span> 
     </span>
    </p>

    <p class='ocr_par' dir='ltr' id='par_1_9' title="bbox 113 2100 928 2240">
     <span class='ocr_line' id='line_1_30' title="bbox 113 2100 928 2173; baseline 0.001 -20"><span class='ocrx_word' id='word_1_210' title='bbox 113 2117 213 2154; x_wconf 87' lang='lat' dir='ltr'><strong><em>norum</em></strong></span> <span class='ocrx_word' id='word_1_211' title='bbox 224 2102 454 2155; x_wconf 80' lang='lat' dir='ltr'><strong><em>centurionumve</em></strong></span> <span class='ocrx_word' id='word_1_212' title='bbox 470 2100 649 2165; x_wconf 83' lang='lat' dir='ltr'><strong><em>adhortante,</em></strong></span> <span class='ocrx_word' id='word_1_213' title='bbox 667 2103 720 2153; x_wconf 88' lang='lat' dir='ltr'><strong><em>sibi</em></strong></span> <span class='ocrx_word' id='word_1_214' title='bbox 731 2105 847 2170; x_wconf 85' lang='lat' dir='ltr'><strong><em>quisque</em></strong></span> <span class='ocrx_word' id='word_1_215' title='bbox 857 2103 928 2173; x_wconf 23' lang='lat' dir='ltr'><strong><em>dux,</em></strong></span> 
     </span>
     <span class='ocr_line' id='line_1_31' title="bbox 114 2172 915 2240; baseline -0.002 -16"><span class='ocrx_word' id='word_1_216' title='bbox 114 2172 312 2240; x_wconf 82' lang='lat' dir='ltr'><strong><em>etinstigator:</em></strong></span> <span class='ocrx_word' id='word_1_217' title='bbox 332 2175 361 2223; x_wconf 85' lang='lat' dir='ltr'><strong><em>et</em></strong></span> <span class='ocrx_word' id='word_1_218' title='bbox 371 2172 551 2239; x_wconf 83' lang='lat' dir='ltr'><strong><em>praecipuum</em></strong></span> <span class='ocrx_word' id='word_1_219' title='bbox 561 2172 743 2239; x_wconf 82' lang='lat' dir='ltr'><strong><em>pessimorum</em></strong></span> <span class='ocrx_word' id='word_1_220' title='bbox 753 2173 915 2225; x_wconf 81' lang='lat' dir='ltr'><strong><em>incitamen-</em></strong></span> 
     </span>
    </p>

    <p class='ocr_par' dir='ltr' id='par_1_10' title="bbox 114 2240 530 2309">
     <span class='ocr_line' id='line_1_32' title="bbox 114 2240 530 2309; baseline 0.005 -18"><span class='ocrx_word' id='word_1_221' title='bbox 114 2244 183 2301; x_wconf 80' lang='lat' dir='ltr'><strong><em>tum,</em></strong></span> <span class='ocrx_word' id='word_1_222' title='bbox 202 2240 276 2309; x_wconf 86' lang='lat' dir='ltr'><strong><em>qnod</em></strong></span> <span class='ocrx_word' id='word_1_223' title='bbox 285 2240 350 2291; x_wconf 88' lang='lat' dir='ltr'><strong><em>boni</em></strong></span> <span class='ocrx_word' id='word_1_224' title='bbox 360 2242 530 2293; x_wconf 82' lang='lat' dir='ltr'><strong><em>maerebant.</em></strong></span> 
     </span>
    </p>

    <p class='ocr_par' dir='ltr' id='par_1_11' title="bbox 111 2310 937 2657">
     <span class='ocr_line' id='line_1_33' title="bbox 165 2310 916 2363; baseline 0 -4"><span class='ocrx_word' id='word_1_225' title='bbox 165 2310 292 2361; x_wconf 85' lang='lat' dir='ltr'><strong><em>XXXlX.</em></strong></span> <span class='ocrx_word' id='word_1_226' title='bbox 328 2310 916 2363; x_wconf 76' lang='lat' dir='ltr'><strong><em>lomexterritusl&#39;isofremituorebresoen-</em></strong></span> 
     </span>
     <span class='ocr_line' id='line_1_34' title="bbox 113 2377 916 2447; baseline 0.002 -21"><span class='ocrx_word' id='word_1_227' title='bbox 113 2377 148 2427; x_wconf 88' lang='lat' dir='ltr'><strong><em>tis</em></strong></span> <span class='ocrx_word' id='word_1_228' title='bbox 157 2378 315 2441; x_wconf 82' lang='lat' dir='ltr'><strong><em>seditionis,</em></strong></span> <span class='ocrx_word' id='word_1_229' title='bbox 334 2384 362 2429; x_wconf 83' lang='lat' dir='ltr'><strong><em>et</em></strong></span> <span class='ocrx_word' id='word_1_230' title='bbox 375 2382 487 2432; x_wconf 82' lang='lat' dir='ltr'><strong><em>vocibus</em></strong></span> <span class='ocrx_word' id='word_1_231' title='bbox 504 2382 533 2431; x_wconf 90' lang='lat' dir='ltr'><strong><em>in</em></strong></span> <span class='ocrx_word' id='word_1_232' title='bbox 547 2381 643 2431; x_wconf 82' lang='lat' dir='ltr'><strong><em>urbem</em></strong></span> <span class='ocrx_word' id='word_1_233' title='bbox 659 2396 747 2447; x_wconf 85' lang='lat' dir='ltr'><strong><em>usque</em></strong></span> <span class='ocrx_word' id='word_1_234' title='bbox 761 2378 916 2432; x_wconf 85' lang='lat' dir='ltr'><strong><em>resonanti·</em></strong></span> 
     </span>
     <span class='ocr_line' id='line_1_35' title="bbox 112 2446 937 2515; baseline 0 -18"><span class='ocrx_word' id='word_1_235' title='bbox 112 2446 177 2511; x_wconf 88' lang='lat' dir='ltr'><strong><em>bus,</em></strong></span> <span class='ocrx_word' id='word_1_236' title='bbox 200 2462 341 2515; x_wconf 79' lang='lat' dir='ltr'><strong><em>egressum</em></strong></span> <span class='ocrx_word' id='word_1_237' title='bbox 360 2450 471 2501; x_wconf 80' lang='lat' dir='ltr'><strong><em>interim</em></strong></span> <span class='ocrx_word' id='word_1_238' title='bbox 487 2450 620 2511; x_wconf 81' lang='lat' dir='ltr'><strong><em>Galbam,</em></strong></span> <span class='ocrx_word' id='word_1_239' title='bbox 643 2454 681 2501; x_wconf 64' lang='lat' dir='ltr'><strong><em>et</em></strong></span> <span class='ocrx_word' id='word_1_240' title='bbox 692 2450 754 2501; x_wconf 84' lang='lat' dir='ltr'><strong><em>iorn</em></strong></span> <span class='ocrx_word' id='word_1_241' title='bbox 769 2448 916 2514; x_wconf 76' lang='lat' dir='ltr'><strong><em>adpropin·</em></strong></span> <span class='ocrx_word' id='word_1_242' title='bbox 935 2462 937 2466; x_wconf 92' lang='lat'>·</span> 
     </span>
     <span class='ocr_line' id='line_1_36' title="bbox 112 2512 915 2582; baseline 0 -15"><span class='ocrx_word' id='word_1_243' title='bbox 112 2522 256 2582; x_wconf 86' lang='lat' dir='ltr'><strong><em>quantem,</em></strong></span> <span class='ocrx_word' id='word_1_244' title='bbox 275 2516 421 2569; x_wconf 83' lang='lat' dir='ltr'><strong><em>adsecutus</em></strong></span> <span class='ocrx_word' id='word_1_245' title='bbox 437 2524 510 2571; x_wconf 85' lang='lat' dir='ltr'><strong><em>erat:</em></strong></span> <span class='ocrx_word' id='word_1_246' title='bbox 535 2520 590 2569; x_wconf 86' lang='lat' dir='ltr'><strong><em>iam</em></strong></span> <span class='ocrx_word' id='word_1_247' title='bbox 605 2519 712 2569; x_wconf 83' lang='lat' dir='ltr'><strong><em>Marius</em></strong></span> <span class='ocrx_word' id='word_1_248' title='bbox 728 2518 825 2569; x_wconf 85' lang='lat' dir='ltr'><strong><em>Celsus</em></strong></span> <span class='ocrx_word' id='word_1_249' title='bbox 839 2512 915 2567; x_wconf 85' lang='lat' dir='ltr'><strong><em>baud</em></strong></span> 
     </span>
     <span class='ocr_line' id='line_1_37' title="bbox 111 2584 919 2657; baseline -0.002 -20"><span class='ocrx_word' id='word_1_250' title='bbox 111 2584 187 2639; x_wconf 81' lang='lat' dir='ltr'><strong><em>laeta</em></strong></span> <span class='ocrx_word' id='word_1_251' title='bbox 205 2584 355 2639; x_wconf 82' lang='lat' dir='ltr'><strong><em>retulerat:</em></strong></span> <span class='ocrx_word' id='word_1_252' title='bbox 378 2602 440 2640; x_wconf 84' lang='lat' dir='ltr'><strong><em>eum</em></strong></span> <span class='ocrx_word' id='word_1_253' title='bbox 455 2584 518 2652; x_wconf 86' lang='lat' dir='ltr'><strong><em>alii,</em></strong></span> <span class='ocrx_word' id='word_1_254' title='bbox 540 2588 570 2641; x_wconf 85' lang='lat' dir='ltr'><strong><em>in</em></strong></span> <span class='ocrx_word' id='word_1_255' title='bbox 582 2586 723 2657; x_wconf 83' lang='lat' dir='ltr'><strong><em>palatinos·</em></strong></span> <span class='ocrx_word' id='word_1_256' title='bbox 731 2586 834 2650; x_wconf 84' lang='lat' dir='ltr'><strong><em>redire,</em></strong></span> <span class='ocrx_word' id='word_1_257' title='bbox 856 2585 919 2648; x_wconf 72' lang='lat' dir='ltr'><strong><em>elii,-</em></strong></span> 
     </span>
    </p>
   </div>
   <div class='ocr_carea' id='block_1_5' title="bbox 0 0 1022 3025">
    <p class='ocr_par' dir='ltr' id='par_1_12' title="bbox 0 0 1022 3025">
     <span class='ocr_line' id='line_1_38' title="bbox 0 0 1022 3025; baseline 0 1"><span class='ocrx_word' id='word_1_258' title='bbox 0 0 1022 3025; x_wconf 95' lang='lat' dir='ltr'><strong><em> </em></strong></span> 
     </span>
    </p>
   </div>
  </div>
 </body>
</html>
