2034 3025
200 148 416 203 nrnaoovs
439 112 648 203 careaco:
773 150 824 206 ero

31 327 83 373 ter
93 321 342 386 adolescentulas,
353 323 412 391 pari
422 324 576 375 securitate
588 326 618 373 et
628 322 724 375 dicant
734 329 765 375 et
775 336 821 375 au·
899 379 903 395 ι

31 395 139 443 antur.
176 391 257 458 ipsae
268 404 338 443 vero
350 391 569 443 exercitationes
581 404 684 459 magna
694 404 730 443 ex
740 398 820 460 parte

29 460 189 512 intr-ariae·
222 459 330 529 Nempe
346 462 421 513 enim
437 459 492 511 duo
514 472 620 527 genera
637 460 820 512 materiarum

29 528 83 594 ¹›ud
99 527 238 581 rhetores
255 532 427 591 tractantur,
443 530 594 585 suasoriae
616 534 646 581 et
661 535 820 583 controver-

29 611 77 649 ae.
116 599 165 649 Ex
176 599 212 648 iis
223 600 367 650 suasoriae
378 598 504 665 quidem,
526 601 667 664 tamquam
683 597 766 665 plane
783 592 821 649 le·

33 681 105 719 ores
118 671 151 720 et
161 669 256 718 urinas
269 666 436 734 prudentiae
453 671 613 735 exigentes,
635 667 730 734 pueris
746 664 821 717 dele·
878 692 880 695 ·

28 742 133 801 antur3
163 738 375 788 controversiae
397 736 604 788 robustioribus
627 734 820 803 adsignantur,

28 804 124 867 cales,
146 820 201 875 per
215 804 312 868 iidem,
334 810 364 857 et
374 820 456 875 quam
467 801 674 858 incredibiliter
685 804 820 871 composi·

28 873 70 925 re!
101 874 241 944 Sequitur
256 879 366 937 antem,
380 880 416 925 ut
425 877 561 926 materiae
574 872 737 943 abhorrenti
749 887 766 924 a
776 886 821 925 re·

28 946 99 995 itate
116 944 285 997 declamatio
308 956 420 1011 quoque
442 942 618 993 adhibeatur.
655 941 702 994 Sic
721 943 767 1004 lit,
789 946 821 1013 ut
872 951 877 957 ·

28 1014 259 1065 rranniddsrum
269 1014 403 1079 praemia,
422 1016 473 1061 aut
481 1012 643 1077 vitiatarum
656 1010 820 1072 electiones,

28 1086 61 1131 ut
71 1082 259 1146 pestilentiae
270 1078 409 1140 remedia,
431 1085 481 1127 aut
494 1079 603 1127 incesta
618 1082 753 1142 matrum,
772 1085 821 1129 aut

28 1149 151 1214 uidquid
161 1150 191 1198 in
202 1146 299 1199 schola
314 1145 441 1215 quotidie
453 1146 562 1213 agitur,
583 1147 612 1196 in
624 1145 688 1197 foro
699 1145 745 1197 vel
754 1158 820 1199 raro

28 1217 58 1267 el
69 1231 225 1286 numquam
236 1215 401 1284 ingentibus
411 1216 504 1267 verbis
517 1218 735 1281 persequantur:
758 1228 820 1266 cum

29 1285 145 1339 dreros
156 1286 262 1338 iudices
273 1291 389 1337 rentum
402 1289 459 1346 est,
480 1282 517 1312 ⁴*
527 1298 588 1334 rem
600 1284 735 1351 cogitare,
751 1282 820 1335 nihil

28 1357 130 1418 ¹umile,
142 1353 213 1407 nibil
225 1356 366 1406 abiectum
378 1353 470 1419 eloqui
483 1357 603 1420 poterat.

66 1424 198 1477 xxxvl.
216 1423 321 1491 Magna
332 1422 505 1488 eloquentia,
517 1420 588 1471 siout
600 1418 719 1483 hamma,
736 1426 820 1473 mate·
855 1470 857 1475 .

28 1492 58 1544 ia
73 1493 159 1545 alitur
171 1496 201 1545 et
216 1491 337 1548 motibus
358 1491 499 1544 excitatur
513 1495 542 1542 et
557 1488 662 1542 urendo
684 1489 819 1542 clarescit.

27 1563 121 1614 ladem
137 1562 211 1614 ratio
227 1561 257 1612 in
273 1564 370 1613 nostra
385 1573 495 1628 quoque
514 1558 626 1610 civitate
643 1559 821 1626 antiquorum

27 1631 203 1699 eloquentiam
215 1630 349 1698 provexit.
365 1629 447 1692 Nam,
458 1626 513 1679 etsi
523 1623 622 1686 horum
634 1641 742 1696 quoque
753 1634 820 1679 tem·

27 1715 115 1752 iorum
131 1705 259 1751 oratores
271 1712 305 1751 oa
320 1697 462 1750 consecuti
476 1699 556 1760 sunt,
578 1709 650 1764 qnae
666 1697 820 1764 composito
861 1732 863 1736 ·

27 1775 46 1821 rt
60 1769 155 1837 quieta
170 1774 199 1822 et
208 1770 292 1821 beata
305 1767 458 1836 Republica
473 1763 560 1818 tribui
575 1766 618 1817 ias
634 1771 707 1831 erat,
725 1769 819 1818 tamen
865 1817 874 1838 ,

28 1844 72 1890 sta
86 1837 295 1906 perturbatione
311 1851 345 1888 ae
360 1835 572 1902 licentiaplura
588 1833 641 1886 sibi
650 1835 771 1902 adsequi
781 1835 820 1886 vi·

27 1907 167 1973 lebantur,
188 1923 251 1959 cum
267 1902 361 1957 mixtis
376 1905 514 1967 omnibus,
526 1909 555 1956 et
570 1903 747 1955 moderatore
763 1919 819 1956 uno

27 1979 183 2041 terentibus,
198 1981 307 2096 ipaturn
319 1975 437 2044 quisque
448 1977 544 2025 orator
554 1975 674 2040 saperet,
685 1977 818 2042 quantum

27 2048 124 2100 erranti
133 2060 205 2113 popu
217 2060 234 2098 o
249 2045 412 2112 persuaderi
422 2045 540 2112 poterat
576 2042 652 2094 llinc
661 2042 736 2110 leges
748 2044 819 2096 adsi·

27 2117 91 2167 luae
101 2121 130 2166 et
142 2116 275 2182 populare
290 2129 405 2177 nomen,
427 2113 492 2164 binc
505 2109 656 2164 conciones
672 2111 818 2180 Magistra·

27 2194 107 2245 tuum,
122 2197 210 2249 paene
221 2184 445 2249 pernoctantium
457 2183 486 2233 in
497 2183 596 2233 rostris
602 2217 610 2245 ,
633 2179 697 2232 hinc
708 2181 819 2236 adcusa-

27 2255 112 2304 tiones
126 2251 280 2319 potentium
296 2265 409 2304 reorum
420 2257 451 2316 et
460 2250 623 2318 adsignatae
635 2249 719 2300 etiam
732 2247 818 2303 dorni·

27 2324 73 2374 bus
82 2319 254 2382 inimicitiae,
276 2317 342 2371 hinc
355 2333 502 2386 procerum
515 2319 650 2372 factiones
663 2323 691 2369 et
702 2315 823 2372 adsidua¹

27 2391 138 2443 Senatus
153 2389 283 2440 adversus
298 2387 409 2455 plebem
425 2389 586 2439 certamina.
615 2399 685 2454 quae
707 2389 818 2457 singula

27 2460 78 2512 etsi
92 2455 280 2508 distrahebant
294 2455 516 2523 llempublis’am,
537 2455 706 2508 exercebunt
723 2465 815 2510 tamen

27 2529 130 2580 illorum
144 2534 299 2592 temporum
314 2525 504 2594 eloquentiam
517 2532 546 2576 ct
555 2523 664 2596 magnis
676 2527 816 2580 cumulare
908 2533 909 2536 ’

27 2596 149 2667 praemiis
161 2595 339 2647 ridebantur:
358 2595 423 2661 qaia
438 2601 543 2664 quanto
563 2593 678 2661 quisque
698 2595 758 2664 plus
778 2597 816 2649 di·

28 2666 110 2721 oendo
119 2671 240 2734 poterat,
260 2670 339 2721 tantu
349 2664 461 2720 facilius
475 2664 596 2721 bonores
607 2661 816 2732 adsequebatur,
