<?xml version="1.0" encoding="UTF-8"?>
<!DOCTYPE html PUBLIC "-//W3C//DTD XHTML 1.0 Transitional//EN"
    "http://www.w3.org/TR/xhtml1/DTD/xhtml1-transitional.dtd">
<html xmlns="http://www.w3.org/1999/xhtml" xml:lang="en" lang="en">
 <head>
  <title>
</title>
<meta http-equiv="Content-Type" content="text/html;charset=utf-8" />
  <meta name='ocr-system' content='tesseract 3.04.00' />
  <meta name='ocr-capabilities' content='ocr_page ocr_carea ocr_par ocr_line ocrx_word'/>
</head>
<body>
  <div class='ocr_page' id='page_1' title='image "./ccorneliitaciti00socigoog/ccorneliitaciti00socigoog_0711.png"; bbox 0 0 2034 3025; ppageno 0'>
   <div class='ocr_carea' id='block_1_1' title="bbox 155 52 955 150">
    <p class='ocr_par' dir='ltr' id='par_1_1' title="bbox 155 52 955 150">
     <span class='ocr_line' id='line_1_1' title="bbox 155 52 955 150; baseline -0.014 -7"><span class='ocrx_word' id='word_1_1' title='bbox 155 91 208 142; x_wconf 84' lang='lat' dir='ltr'><strong>aso</strong></span> <span class='ocrx_word' id='word_1_2' title='bbox 224 85 437 150; x_wconf 76' lang='lat' dir='ltr'><strong>rvnuaourc.</strong></span> <span class='ocrx_word' id='word_1_3' title='bbox 447 52 718 138; x_wconf 73' lang='lat' dir='ltr'><strong>vrrncnrncaa.</strong></span> <span class='ocrx_word' id='word_1_4' title='bbox 728 79 955 148; x_wconf 53' lang='lat' dir='ltr'><strong>[ausaausa]</strong></span> 
     </span>
    </p>
   </div>
   <div class='ocr_carea' id='block_1_2' title="bbox 38 189 991 2394">
    <p class='ocr_par' dir='ltr' id='par_1_2' title="bbox 155 189 963 462">
     <span class='ocr_line' id='line_1_2' title="bbox 209 189 959 255; baseline -0.011 -11"><span class='ocrx_word' id='word_1_5' title='bbox 209 190 431 251; x_wconf 62' lang='lat' dir='ltr'><strong>{litimonium</strong></span> <span class='ocrx_word' id='word_1_6' title='bbox 451 189 661 254; x_wconf 74' lang='lat' dir='ltr'>expeditionum</span> <span class='ocrx_word' id='word_1_7' title='bbox 679 203 766 250; x_wconf 67' lang='lat' dir='ltr'><strong>anum</strong></span> <span class='ocrx_word' id='word_1_8' title='bbox 783 203 852 238; x_wconf 86' lang='lat' dir='ltr'><strong>nare</strong></span> <span class='ocrx_word' id='word_1_9' title='bbox 871 189 959 255; x_wconf 80' lang='lat' dir='ltr'><strong>prima</strong></span> 
     </span>
     <span class='ocr_line' id='line_1_3' title="bbox 156 255 961 326; baseline -0.011 -14"><span class='ocrx_word' id='word_1_10' title='bbox 156 268 355 326; x_wconf 79' lang='lat' dir='ltr'><strong>transgressus,</strong></span> <span class='ocrx_word' id='word_1_11' title='bbox 375 259 485 325; x_wconf 84' lang='lat' dir='ltr'><strong>ignotas</strong></span> <span class='ocrx_word' id='word_1_12' title='bbox 496 257 531 308; x_wconf 89' lang='lat' dir='ltr'><strong>ad</strong></span> <span class='ocrx_word' id='word_1_13' title='bbox 541 257 571 308; x_wconf 90' lang='lat' dir='ltr'><strong>id</strong></span> <span class='ocrx_word' id='word_1_14' title='bbox 581 262 691 323; x_wconf 88' lang='lat' dir='ltr'><strong>tempus</strong></span> <span class='ocrx_word' id='word_1_15' title='bbox 701 262 799 325; x_wconf 84' lang='lat' dir='ltr'><strong>gentes</strong></span> <span class='ocrx_word' id='word_1_16' title='bbox 810 256 916 308; x_wconf 76' lang='lat' dir='ltr'><strong>crebris</strong></span> <span class='ocrx_word' id='word_1_17' title='bbox 926 255 961 305; x_wconf 89' lang='lat' dir='ltr'><strong>si-</strong></span> 
     </span>
     <span class='ocr_line' id='line_1_4' title="bbox 155 325 960 394; baseline -0.01 -12"><span class='ocrx_word' id='word_1_18' title='bbox 155 329 215 382; x_wconf 89' lang='lat' dir='ltr'><strong>mul</strong></span> <span class='ocrx_word' id='word_1_19' title='bbox 229 343 262 379; x_wconf 86' lang='lat' dir='ltr'><strong>ac</strong></span> <span class='ocrx_word' id='word_1_20' title='bbox 282 329 420 394; x_wconf 79' lang='lat' dir='ltr'>prosperis</span> <span class='ocrx_word' id='word_1_21' title='bbox 441 326 556 392; x_wconf 88' lang='lat' dir='ltr'><strong>proeliis</strong></span> <span class='ocrx_word' id='word_1_22' title='bbox 575 325 694 378; x_wconf 80' lang='lat' dir='ltr'><strong>domuit:</strong></span> <span class='ocrx_word' id='word_1_23' title='bbox 717 341 832 392; x_wconf 89' lang='lat' dir='ltr'><strong>eamque</strong></span> <span class='ocrx_word' id='word_1_24' title='bbox 852 329 960 393; x_wconf 90' lang='lat' dir='ltr'><strong>partem</strong></span> 
     </span>
     <span class='ocr_line' id='line_1_5' title="bbox 156 394 963 462; baseline -0.01 -12"><span class='ocrx_word' id='word_1_25' title='bbox 156 397 327 458; x_wconf 79' lang='lat' dir='ltr'><strong>Britanniae,</strong></span> <span class='ocrx_word' id='word_1_26' title='bbox 338 410 410 462; x_wconf 87' lang='lat' dir='ltr'><strong>quaa</strong></span> <span class='ocrx_word' id='word_1_27' title='bbox 416 395 577 447; x_wconf 75' lang='lat' dir='ltr'><strong>Hiberniam</strong></span> <span class='ocrx_word' id='word_1_28' title='bbox 583 395 710 461; x_wconf 84' lang='lat' dir='ltr'><strong>adspicit,</strong></span> <span class='ocrx_word' id='word_1_29' title='bbox 721 397 809 462; x_wconf 89' lang='lat' dir='ltr'><strong>copiis</strong></span> <span class='ocrx_word' id='word_1_30' title='bbox 818 394 963 454; x_wconf 80' lang='lat' dir='ltr'><strong>instruxit,</strong></span> 
     </span>
    </p>

    <p class='ocr_par' dir='ltr' id='par_1_3' title="bbox 134 463 968 671">
     <span class='ocr_line' id='line_1_6' title="bbox 134 463 964 538; baseline -0.007 -21"><span class='ocrx_word' id='word_1_31' title='bbox 134 470 186 538; x_wconf 52' lang='lat' dir='ltr'><strong>,iu</strong></span> <span class='ocrx_word' id='word_1_32' title='bbox 198 481 274 533; x_wconf 85' lang='lat' dir='ltr'><strong>spem</strong></span> <span class='ocrx_word' id='word_1_33' title='bbox 287 465 389 532; x_wconf 86' lang='lat' dir='ltr'><strong>magis,</strong></span> <span class='ocrx_word' id='word_1_34' title='bbox 409 479 490 531; x_wconf 89' lang='lat' dir='ltr'><strong>quarn</strong></span> <span class='ocrx_word' id='word_1_35' title='bbox 502 464 537 515; x_wconf 92' lang='lat' dir='ltr'><strong>ob</strong></span> <span class='ocrx_word' id='word_1_36' title='bbox 546 464 737 515; x_wconf 79' lang='lat' dir='ltr'><strong>formidinem:</strong></span> <span class='ocrx_word' id='word_1_37' title='bbox 751 467 777 516; x_wconf 89' lang='lat' dir='ltr'><strong>si</strong></span> <span class='ocrx_word' id='word_1_38' title='bbox 788 464 904 531; x_wconf 84' lang='lat' dir='ltr'><strong>quidem</strong></span> <span class='ocrx_word' id='word_1_39' title='bbox 915 463 964 512; x_wconf 87' lang='lat' dir='ltr'><strong>Hi-</strong></span> 
     </span>
     <span class='ocr_line' id='line_1_7' title="bbox 157 533 966 600; baseline -0.007 -14"><span class='ocrx_word' id='word_1_40' title='bbox 157 537 268 596; x_wconf 80' lang='lat' dir='ltr'><strong>bernia,</strong></span> <span class='ocrx_word' id='word_1_41' title='bbox 289 535 379 585; x_wconf 88' lang='lat' dir='ltr'><strong>medio</strong></span> <span class='ocrx_word' id='word_1_42' title='bbox 390 535 464 584; x_wconf 88' lang='lat' dir='ltr'><strong>iuter</strong></span> <span class='ocrx_word' id='word_1_43' title='bbox 473 534 648 586; x_wconf 76' lang='lat' dir='ltr'><strong>Britanniam</strong></span> <span class='ocrx_word' id='word_1_44' title='bbox 660 539 742 600; x_wconf 89' lang='lat' dir='ltr'><strong>atque</strong></span> <span class='ocrx_word' id='word_1_45' title='bbox 752 533 922 598; x_wconf 79' lang='lat' dir='ltr'><strong>Hispaniam</strong></span> <span class='ocrx_word' id='word_1_46' title='bbox 931 533 966 581; x_wconf 89' lang='lat' dir='ltr'><strong>si·</strong></span> 
     </span>
     <span class='ocr_line' id='line_1_8' title="bbox 158 602 968 671; baseline -0.009 -16"><span class='ocrx_word' id='word_1_47' title='bbox 158 612 197 667; x_wconf 89' lang='lat' dir='ltr'><strong>ta,</strong></span> <span class='ocrx_word' id='word_1_48' title='bbox 208 610 237 655; x_wconf 86' lang='lat' dir='ltr'><strong>et</strong></span> <span class='ocrx_word' id='word_1_49' title='bbox 248 602 357 654; x_wconf 86' lang='lat' dir='ltr'><strong>Gallico</strong></span> <span class='ocrx_word' id='word_1_50' title='bbox 368 603 557 671; x_wconf 28' lang='lat' dir='ltr'><strong>quoqne-mari</strong></span> <span class='ocrx_word' id='word_1_51' title='bbox 569 609 736 668; x_wconf 86' lang='lat' dir='ltr'><strong>opportuna,</strong></span> <span class='ocrx_word' id='word_1_52' title='bbox 748 602 968 664; x_wconf 79' lang='lat' dir='ltr'><strong>valentissimam</strong></span> 
     </span>
    </p>

    <p class='ocr_par' dir='ltr' id='par_1_4' title="bbox 118 668 969 738">
     <span class='ocr_line' id='line_1_9' title="bbox 118 668 969 738; baseline -0.007 -14"><span class='ocrx_word' id='word_1_53' title='bbox 118 711 121 714; x_wconf 85' lang='lat'><em>-</em></span> <span class='ocrx_word' id='word_1_54' title='bbox 158 672 270 738; x_wconf 83' lang='lat' dir='ltr'><strong>imperii</strong></span> <span class='ocrx_word' id='word_1_55' title='bbox 295 677 402 738; x_wconf 86' lang='lat' dir='ltr'><strong>partem</strong></span> <span class='ocrx_word' id='word_1_56' title='bbox 428 673 534 738; x_wconf 73' lang='lat' dir='ltr'><strong>anagnis</strong></span> <span class='ocrx_word' id='word_1_57' title='bbox 558 672 676 723; x_wconf 82' lang='lat' dir='ltr'><strong>invicem</strong></span> <span class='ocrx_word' id='word_1_58' title='bbox 697 668 791 723; x_wconf 81' lang='lat' dir='ltr'><strong>usibus</strong></span> <span class='ocrx_word' id='word_1_59' title='bbox 810 671 969 721; x_wconf 88' lang='lat' dir='ltr'><strong>miscuerit.</strong></span> 
     </span>
    </p>

    <p class='ocr_par' dir='ltr' id='par_1_5' title="bbox 160 741 970 809">
     <span class='ocr_line' id='line_1_10' title="bbox 160 741 970 809; baseline -0.005 -16"><span class='ocrx_word' id='word_1_60' title='bbox 160 741 286 809; x_wconf 85' lang='lat' dir='ltr'><strong>Spatium</strong></span> <span class='ocrx_word' id='word_1_61' title='bbox 303 743 370 802; x_wconf 89' lang='lat' dir='ltr'><strong>eius,</strong></span> <span class='ocrx_word' id='word_1_62' title='bbox 389 741 412 789; x_wconf 88' lang='lat' dir='ltr'><strong>si</strong></span> <span class='ocrx_word' id='word_1_63' title='bbox 424 741 588 792; x_wconf 75' lang='lat' dir='ltr'><strong>Britanniae</strong></span> <span class='ocrx_word' id='word_1_64' title='bbox 603 748 789 808; x_wconf 81' lang='lat' dir='ltr'><strong>comparetur,</strong></span> <span class='ocrx_word' id='word_1_65' title='bbox 809 741 970 806; x_wconf 85' lang='lat' dir='ltr'><strong>angustius,</strong></span> 
     </span>
    </p>

    <p class='ocr_par' dir='ltr' id='par_1_6' title="bbox 38 808 971 876">
     <span class='ocr_line' id='line_1_11' title="bbox 38 808 971 876; baseline -0.004 -15"><span class='ocrx_word' id='word_1_66' title='bbox 38 843 40 848; x_wconf 92' lang='lat'>-</span> <span class='ocrx_word' id='word_1_67' title='bbox 142 811 251 876; x_wconf 56' lang='lat' dir='ltr'><strong>„nostri</strong></span> <span class='ocrx_word' id='word_1_68' title='bbox 267 811 351 860; x_wconf 89' lang='lat' dir='ltr'><strong>maris</strong></span> <span class='ocrx_word' id='word_1_69' title='bbox 371 809 476 860; x_wconf 83' lang='lat' dir='ltr'><strong>insulas</strong></span> <span class='ocrx_word' id='word_1_70' title='bbox 496 815 618 875; x_wconf 85' lang='lat' dir='ltr'><strong>superat.</strong></span> <span class='ocrx_word' id='word_1_71' title='bbox 655 809 752 860; x_wconf 81' lang='lat' dir='ltr'><strong>Solum</strong></span> <span class='ocrx_word' id='word_1_72' title='bbox 761 808 935 875; x_wconf 88' lang='lat' dir='ltr'><strong>caelumque</strong></span> <span class='ocrx_word' id='word_1_73' title='bbox 946 813 971 860; x_wconf 88' lang='lat' dir='ltr'><strong>et</strong></span> 
     </span>
    </p>

    <p class='ocr_par' dir='ltr' id='par_1_7' title="bbox 95 876 972 946">
     <span class='ocr_line' id='line_1_12' title="bbox 95 876 972 946; baseline -0.003 -17"><span class='ocrx_word' id='word_1_74' title='bbox 95 888 139 946; x_wconf 57' lang='grc' dir='ltr'><strong>’χ</strong></span> <span class='ocrx_word' id='word_1_75' title='bbox 161 879 274 945; x_wconf 86' lang='lat' dir='ltr'><strong>ingenia</strong></span> <span class='ocrx_word' id='word_1_76' title='bbox 289 876 433 943; x_wconf 88' lang='lat' dir='ltr'><strong>cultusque</strong></span> <span class='ocrx_word' id='word_1_77' title='bbox 451 877 592 928; x_wconf 89' lang='lat' dir='ltr'><strong>hominum</strong></span> <span class='ocrx_word' id='word_1_78' title='bbox 609 877 681 929; x_wconf 86' lang='lat' dir='ltr'><strong>haud</strong></span> <span class='ocrx_word' id='word_1_79' title='bbox 699 879 816 928; x_wconf 90' lang='lat' dir='ltr'><strong>multum</strong></span> <span class='ocrx_word' id='word_1_80' title='bbox 829 893 847 927; x_wconf 90' lang='lat' dir='ltr'><strong>a</strong></span> <span class='ocrx_word' id='word_1_81' title='bbox 857 877 972 928; x_wconf 89' lang='lat' dir='ltr'><strong>Britan·</strong></span> 
     </span>
    </p>

    <p class='ocr_par' dir='ltr' id='par_1_8' title="bbox 161 943 974 1013">
     <span class='ocr_line' id='line_1_13' title="bbox 161 943 974 1013; baseline -0.002 -15"><span class='ocrx_word' id='word_1_82' title='bbox 161 947 209 998; x_wconf 88' lang='lat' dir='ltr'><strong>nia</strong></span> <span class='ocrx_word' id='word_1_83' title='bbox 219 943 434 1008; x_wconf 62' lang='lat' dir='ltr'><strong>nuenarianae</strong></span> <span class='ocrx_word' id='word_1_84' title='bbox 447 948 475 997; x_wconf 92' lang='lat' dir='ltr'><strong>in</strong></span> <span class='ocrx_word' id='word_1_85' title='bbox 492 946 600 998; x_wconf 90' lang='lat' dir='ltr'><strong>melius.</strong></span> <span class='ocrx_word' id='word_1_86' title='bbox 637 948 734 1000; x_wconf 78' lang='lat' dir='ltr'><strong>Aditus</strong></span> <span class='ocrx_word' id='word_1_87' title='bbox 752 950 916 1013; x_wconf 81' lang='lat' dir='ltr'><strong>portusque</strong></span> <span class='ocrx_word' id='word_1_88' title='bbox 927 960 974 1012; x_wconf 91' lang='lat' dir='ltr'><strong>per</strong></span> 
     </span>
    </p>

    <p class='ocr_par' dir='ltr' id='par_1_9' title="bbox 163 1014 974 1084">
     <span class='ocr_line' id='line_1_14' title="bbox 163 1014 974 1084; baseline -0.005 -16"><span class='ocrx_word' id='word_1_89' title='bbox 163 1017 327 1068; x_wconf 88' lang='lat' dir='ltr'><strong>commercia</strong></span> <span class='ocrx_word' id='word_1_90' title='bbox 337 1021 365 1066; x_wconf 89' lang='lat' dir='ltr'><strong>at</strong></span> <span class='ocrx_word' id='word_1_91' title='bbox 378 1017 569 1082; x_wconf 87' lang='lat' dir='ltr'><strong>negotiatores</strong></span> <span class='ocrx_word' id='word_1_92' title='bbox 585 1018 697 1084; x_wconf 83' lang='lat' dir='ltr'><strong>cogniti.</strong></span> <span class='ocrx_word' id='word_1_93' title='bbox 732 1015 864 1082; x_wconf 82' lang='lat' dir='ltr'><strong>Agricola</strong></span> <span class='ocrx_word' id='word_1_94' title='bbox 876 1014 974 1081; x_wconf 88' lang='lat' dir='ltr'><strong>expul-</strong></span> 
     </span>
    </p>

    <p class='ocr_par' dir='ltr' id='par_1_10' title="bbox 162 1084 975 1153">
     <span class='ocr_line' id='line_1_15' title="bbox 162 1084 975 1153; baseline -0.001 -17"><span class='ocrx_word' id='word_1_95' title='bbox 162 1101 224 1137; x_wconf 87' lang='lat' dir='ltr'><strong>sum</strong></span> <span class='ocrx_word' id='word_1_96' title='bbox 235 1085 371 1136; x_wconf 83' lang='lat' dir='ltr'><strong>seditione</strong></span> <span class='ocrx_word' id='word_1_97' title='bbox 381 1085 535 1136; x_wconf 86' lang='lat' dir='ltr'><strong>domestica</strong></span> <span class='ocrx_word' id='word_1_98' title='bbox 544 1101 629 1136; x_wconf 90' lang='lat' dir='ltr'><strong>unum</strong></span> <span class='ocrx_word' id='word_1_99' title='bbox 645 1100 680 1137; x_wconf 83' lang='lat' dir='ltr'><strong>ex</strong></span> <span class='ocrx_word' id='word_1_100' title='bbox 689 1084 802 1152; x_wconf 87' lang='lat' dir='ltr'><strong>Regalis</strong></span> <span class='ocrx_word' id='word_1_101' title='bbox 819 1085 921 1153; x_wconf 84' lang='lat' dir='ltr'><strong>gentis</strong></span> <span class='ocrx_word' id='word_1_102' title='bbox 932 1098 975 1135; x_wconf 81' lang='lat' dir='ltr'><strong>ex·</strong></span> 
     </span>
    </p>

    <p class='ocr_par' dir='ltr' id='par_1_11' title="bbox 165 1154 977 1222">
     <span class='ocr_line' id='line_1_16' title="bbox 165 1154 977 1222; baseline -0.006 -14"><span class='ocrx_word' id='word_1_103' title='bbox 165 1159 285 1222; x_wconf 69' lang='lat' dir='ltr'><strong>ceperat,</strong></span> <span class='ocrx_word' id='word_1_104' title='bbox 299 1169 332 1204; x_wconf 89' lang='lat' dir='ltr'><strong>ac</strong></span> <span class='ocrx_word' id='word_1_105' title='bbox 343 1155 435 1220; x_wconf 81' lang='lat' dir='ltr'><strong>specie</strong></span> <span class='ocrx_word' id='word_1_106' title='bbox 445 1155 586 1206; x_wconf 82' lang='lat' dir='ltr'><strong>amicitiae</strong></span> <span class='ocrx_word' id='word_1_107' title='bbox 597 1154 624 1204; x_wconf 87' lang='lat' dir='ltr'><strong>iu</strong></span> <span class='ocrx_word' id='word_1_108' title='bbox 636 1157 809 1205; x_wconf 81' lang='lat' dir='ltr'><strong>occasionem</strong></span> <span class='ocrx_word' id='word_1_109' title='bbox 819 1154 977 1205; x_wconf 82' lang='lat' dir='ltr'><strong>retinebat</strong></span> 
     </span>
    </p>

    <p class='ocr_par' dir='ltr' id='par_1_12' title="bbox 164 1221 979 1289">
     <span class='ocr_line' id='line_1_17' title="bbox 164 1221 979 1289; baseline -0.005 -13"><span class='ocrx_word' id='word_1_110' title='bbox 164 1223 254 1289; x_wconf 83' lang='lat' dir='ltr'><strong>Saepe</strong></span> <span class='ocrx_word' id='word_1_111' title='bbox 266 1237 300 1274; x_wconf 86' lang='lat' dir='ltr'><strong>ex</strong></span> <span class='ocrx_word' id='word_1_112' title='bbox 311 1236 345 1274; x_wconf 91' lang='lat' dir='ltr'><strong>eo</strong></span> <span class='ocrx_word' id='word_1_113' title='bbox 360 1221 466 1284; x_wconf 80' lang='lat' dir='ltr'><strong>audivi,</strong></span> <span class='ocrx_word' id='word_1_114' title='bbox 485 1223 598 1288; x_wconf 82' lang='lat' dir='ltr'><strong>legione</strong></span> <span class='ocrx_word' id='word_1_115' title='bbox 612 1221 717 1274; x_wconf 84' lang='lat' dir='ltr'><strong>unaet&#39;</strong></span> <span class='ocrx_word' id='word_1_116' title='bbox 727 1222 843 1282; x_wconf 82' lang='lat' dir='ltr'><strong>modicis</strong></span> <span class='ocrx_word' id='word_1_117' title='bbox 858 1223 979 1272; x_wconf 81' lang='lat' dir='ltr'><strong>auxiliis</strong></span> 
     </span>
    </p>

    <p class='ocr_par' dir='ltr' id='par_1_13' title="bbox 83 1289 980 1361">
     <span class='ocr_line' id='line_1_18' title="bbox 83 1289 980 1361; baseline -0.003 -16"><span class='ocrx_word' id='word_1_118' title='bbox 83 1357 87 1360; x_wconf 12' lang='grc' dir='ltr'><strong>ῃ</strong></span> <span class='ocrx_word' id='word_1_119' title='bbox 144 1331 149 1334; x_wconf 86' lang='grc'>-</span> <span class='ocrx_word' id='word_1_120' title='bbox 167 1291 299 1345; x_wconf 71' lang='lat' dir='ltr'><strong>debellari</strong></span> <span class='ocrx_word' id='word_1_121' title='bbox 310 1291 483 1357; x_wconf 88' lang='lat' dir='ltr'><strong>obtinerique</strong></span> <span class='ocrx_word' id='word_1_122' title='bbox 493 1291 659 1361; x_wconf 72' lang='lat' dir='ltr'><strong>Hiberniam</strong></span> <span class='ocrx_word' id='word_1_123' title='bbox 670 1305 759 1358; x_wconf 86' lang='lat' dir='ltr'><strong>posse.</strong></span> <span class='ocrx_word' id='word_1_124' title='bbox 787 1289 879 1358; x_wconf 89' lang='lat' dir='ltr'><strong>ldque</strong></span> <span class='ocrx_word' id='word_1_125' title='bbox 891 1293 980 1343; x_wconf 83' lang='lat' dir='ltr'><strong>etiam</strong></span> 
     </span>
    </p>

    <p class='ocr_par' dir='ltr' id='par_1_14' title="bbox 96 1358 981 1496">
     <span class='ocr_line' id='line_1_19' title="bbox 96 1358 981 1429; baseline -0.001 -15"><span class='ocrx_word' id='word_1_126' title='bbox 96 1371 106 1380; x_wconf 88' lang='lat'>·</span> <span class='ocrx_word' id='word_1_127' title='bbox 163 1363 298 1414; x_wconf 79' lang='lat' dir='ltr'><strong>adversus</strong></span> <span class='ocrx_word' id='word_1_128' title='bbox 306 1361 480 1412; x_wconf 84' lang='lat' dir='ltr'><strong>Britanniam</strong></span> <span class='ocrx_word' id='word_1_129' title='bbox 491 1358 680 1427; x_wconf 77' lang='lat' dir='ltr'><strong>probaturam,</strong></span> <span class='ocrx_word' id='word_1_130' title='bbox 699 1362 723 1411; x_wconf 90' lang='lat' dir='ltr'><strong>si</strong></span> <span class='ocrx_word' id='word_1_131' title='bbox 733 1363 860 1412; x_wconf 84' lang='lat' dir='ltr'><strong>Romana</strong></span> <span class='ocrx_word' id='word_1_132' title='bbox 872 1360 981 1429; x_wconf 88' lang='lat' dir='ltr'><strong>ubique</strong></span> 
     </span>
     <span class='ocr_line' id='line_1_20' title="bbox 163 1429 858 1496; baseline -0.004 -13"><span class='ocrx_word' id='word_1_133' title='bbox 163 1446 250 1494; x_wconf 78' lang='lat' dir='ltr'><strong>arma,</strong></span> <span class='ocrx_word' id='word_1_134' title='bbox 263 1435 291 1482; x_wconf 86' lang='lat' dir='ltr'><strong>et</strong></span> <span class='ocrx_word' id='word_1_135' title='bbox 300 1429 377 1481; x_wconf 81' lang='lat' dir='ltr'><strong>velut</strong></span> <span class='ocrx_word' id='word_1_136' title='bbox 388 1443 403 1480; x_wconf 90' lang='lat' dir='ltr'><strong>e</strong></span> <span class='ocrx_word' id='word_1_137' title='bbox 414 1435 562 1496; x_wconf 88' lang='lat' dir='ltr'><strong>conspectu</strong></span> <span class='ocrx_word' id='word_1_138' title='bbox 572 1429 688 1481; x_wconf 89' lang='lat' dir='ltr'><strong>libertas</strong></span> <span class='ocrx_word' id='word_1_139' title='bbox 698 1429 858 1481; x_wconf 88' lang='lat' dir='ltr'><strong>tolleretur.</strong></span> 
     </span>
    </p>

    <p class='ocr_par' dir='ltr' id='par_1_15' title="bbox 165 1497 985 1773">
     <span class='ocr_line' id='line_1_21' title="bbox 224 1497 981 1566; baseline -0.001 -13"><span class='ocrx_word' id='word_1_140' title='bbox 224 1500 313 1553; x_wconf 85' lang='lat' dir='ltr'>XXV.</span> <span class='ocrx_word' id='word_1_141' title='bbox 332 1499 462 1551; x_wconf 81' lang='lat' dir='ltr'><strong>Ceterum</strong></span> <span class='ocrx_word' id='word_1_142' title='bbox 482 1503 599 1561; x_wconf 82' lang='lat' dir='ltr'><strong>aestate,</strong></span> <span class='ocrx_word' id='word_1_143' title='bbox 618 1513 674 1566; x_wconf 91' lang='lat' dir='ltr'><strong>qua</strong></span> <span class='ocrx_word' id='word_1_144' title='bbox 693 1503 801 1552; x_wconf 83' lang='lat' dir='ltr'><strong>sextum</strong></span> <span class='ocrx_word' id='word_1_145' title='bbox 823 1497 916 1551; x_wconf 87' lang='lat' dir='ltr'><strong>officii</strong></span> <span class='ocrx_word' id='word_1_146' title='bbox 935 1515 981 1552; x_wconf 87' lang='lat' dir='ltr'><strong>an·</strong></span> 
     </span>
     <span class='ocr_line' id='line_1_22' title="bbox 165 1568 983 1634; baseline -0.001 -12"><span class='ocrx_word' id='word_1_147' title='bbox 165 1585 232 1622; x_wconf 86' lang='lat' dir='ltr'><strong>uum</strong></span> <span class='ocrx_word' id='word_1_148' title='bbox 248 1568 410 1629; x_wconf 86' lang='lat' dir='ltr'><strong>inchoabat,</strong></span> <span class='ocrx_word' id='word_1_149' title='bbox 430 1568 575 1634; x_wconf 83' lang='lat' dir='ltr'><strong>aniplexns</strong></span> <span class='ocrx_word' id='word_1_150' title='bbox 585 1568 710 1621; x_wconf 83' lang='lat' dir='ltr'><strong>civitates</strong></span> <span class='ocrx_word' id='word_1_151' title='bbox 720 1577 798 1619; x_wconf 89' lang='lat' dir='ltr'><strong>trans</strong></span> <span class='ocrx_word' id='word_1_152' title='bbox 808 1569 983 1621; x_wconf 88' lang='lat' dir='ltr'><strong>Bodotriam</strong></span> 
     </span>
     <span class='ocr_line' id='line_1_23' title="bbox 165 1638 983 1705; baseline 0 -14"><span class='ocrx_word' id='word_1_153' title='bbox 165 1642 243 1701; x_wconf 86' lang='lat' dir='ltr'><strong>sitas,</strong></span> <span class='ocrx_word' id='word_1_154' title='bbox 253 1639 318 1704; x_wconf 86' lang='lat' dir='ltr'><strong>quia</strong></span> <span class='ocrx_word' id='word_1_155' title='bbox 327 1642 419 1688; x_wconf 88' lang='lat' dir='ltr'><strong>motus</strong></span> <span class='ocrx_word' id='word_1_156' title='bbox 431 1640 621 1689; x_wconf 80' lang='lat' dir='ltr'><strong>universarum</strong></span> <span class='ocrx_word' id='word_1_157' title='bbox 633 1638 708 1689; x_wconf 89' lang='lat' dir='ltr'><strong>ultra</strong></span> <span class='ocrx_word' id='word_1_158' title='bbox 717 1639 850 1705; x_wconf 87' lang='lat' dir='ltr'><strong>gentium,</strong></span> <span class='ocrx_word' id='word_1_159' title='bbox 867 1645 899 1691; x_wconf 86' lang='lat' dir='ltr'><strong>et</strong></span> <span class='ocrx_word' id='word_1_160' title='bbox 908 1639 983 1691; x_wconf 82' lang='lat' dir='ltr'><strong>infe·</strong></span> 
     </span>
     <span class='ocr_line' id='line_1_24' title="bbox 166 1706 985 1773; baseline -0.002 -12"><span class='ocrx_word' id='word_1_161' title='bbox 166 1713 211 1761; x_wconf 75' lang='lat' dir='ltr'><strong>:aa</strong></span> <span class='ocrx_word' id='word_1_162' title='bbox 221 1706 316 1758; x_wconf 88' lang='lat' dir='ltr'><strong>hostili</strong></span> <span class='ocrx_word' id='word_1_163' title='bbox 326 1706 449 1759; x_wconf 87' lang='lat' dir='ltr'><strong>exercitu</strong></span> <span class='ocrx_word' id='word_1_164' title='bbox 458 1708 568 1768; x_wconf 86' lang='lat' dir='ltr'><strong>itinera,</strong></span> <span class='ocrx_word' id='word_1_165' title='bbox 581 1706 762 1769; x_wconf 86' lang='lat' dir='ltr'><strong>timebantur,</strong></span> <span class='ocrx_word' id='word_1_166' title='bbox 777 1712 876 1773; x_wconf 88' lang='lat' dir='ltr'><strong>portus</strong></span> <span class='ocrx_word' id='word_1_167' title='bbox 887 1707 985 1759; x_wconf 87' lang='lat' dir='ltr'><strong>classe</strong></span> 
     </span>
    </p>

    <p class='ocr_par' dir='ltr' id='par_1_16' title="bbox 103 1776 991 2255">
     <span class='ocr_line' id='line_1_25' title="bbox 103 1776 985 1844; baseline -0.003 -14"><span class='ocrx_word' id='word_1_168' title='bbox 103 1796 109 1805; x_wconf 53' lang='lat'><em>²</em></span> <span class='ocrx_word' id='word_1_169' title='bbox 168 1777 335 1844; x_wconf 82' lang='lat' dir='ltr'><strong>exploravit:</strong></span> <span class='ocrx_word' id='word_1_170' title='bbox 353 1789 436 1843; x_wconf 89' lang='lat' dir='ltr'><strong>quae,</strong></span> <span class='ocrx_word' id='word_1_171' title='bbox 457 1777 491 1826; x_wconf 91' lang='lat' dir='ltr'><strong>ab</strong></span> <span class='ocrx_word' id='word_1_172' title='bbox 502 1776 632 1842; x_wconf 81' lang='lat' dir='ltr'><strong>Agricola</strong></span> <span class='ocrx_word' id='word_1_173' title='bbox 645 1778 763 1843; x_wconf 82' lang='lat' dir='ltr'><strong>primum</strong></span> <span class='ocrx_word' id='word_1_174' title='bbox 780 1776 939 1842; x_wconf 86' lang='lat' dir='ltr'><strong>adsumpta</strong></span> <span class='ocrx_word' id='word_1_175' title='bbox 957 1780 985 1827; x_wconf 92' lang='lat' dir='ltr'><strong>in</strong></span> 
     </span>
     <span class='ocr_line' id='line_1_26' title="bbox 167 1845 986 1913; baseline 0.001 -17"><span class='ocrx_word' id='word_1_176' title='bbox 167 1852 275 1913; x_wconf 87' lang='lat' dir='ltr'><strong>partem</strong></span> <span class='ocrx_word' id='word_1_177' title='bbox 287 1846 395 1905; x_wconf 85' lang='lat' dir='ltr'><strong>virium,</strong></span> <span class='ocrx_word' id='word_1_178' title='bbox 406 1845 575 1911; x_wconf 88' lang='lat' dir='ltr'><strong>sequebatur</strong></span> <span class='ocrx_word' id='word_1_179' title='bbox 586 1845 700 1911; x_wconf 86' lang='lat' dir='ltr'><strong>egregia</strong></span> <span class='ocrx_word' id='word_1_180' title='bbox 709 1847 811 1910; x_wconf 90' lang='lat' dir='ltr'><strong>specie,</strong></span> <span class='ocrx_word' id='word_1_181' title='bbox 821 1846 986 1897; x_wconf 87' lang='lat' dir='ltr'><strong>cumsimul</strong></span> 
     </span>
     <span class='ocr_line' id='line_1_27' title="bbox 167 1913 987 1980; baseline -0.001 -14"><span class='ocrx_word' id='word_1_182' title='bbox 167 1922 254 1977; x_wconf 88' lang='lat' dir='ltr'><strong>terra,</strong></span> <span class='ocrx_word' id='word_1_183' title='bbox 274 1914 357 1965; x_wconf 91' lang='lat' dir='ltr'><strong>simol</strong></span> <span class='ocrx_word' id='word_1_184' title='bbox 371 1915 440 1963; x_wconf 89' lang='lat' dir='ltr'><strong>mari</strong></span> <span class='ocrx_word' id='word_1_185' title='bbox 457 1913 561 1964; x_wconf 89' lang='lat' dir='ltr'><strong>bellum</strong></span> <span class='ocrx_word' id='word_1_186' title='bbox 575 1913 772 1980; x_wconf 87' lang='lat' dir='ltr'><strong>inpelleretur,</strong></span> <span class='ocrx_word' id='word_1_187' title='bbox 794 1929 827 1965; x_wconf 91' lang='lat' dir='ltr'><strong>ac</strong></span> <span class='ocrx_word' id='word_1_188' title='bbox 836 1928 930 1980; x_wconf 89' lang='lat' dir='ltr'><strong>saepe</strong></span> <span class='ocrx_word' id='word_1_189' title='bbox 942 1916 987 1966; x_wconf 80' lang='lat' dir='ltr'><strong>iis</strong></span> 
     </span>
     <span class='ocr_line' id='line_1_28' title="bbox 169 1982 988 2049; baseline 0.002 -16"><span class='ocrx_word' id='word_1_190' title='bbox 169 1983 232 2035; x_wconf 86' lang='lat' dir='ltr'><strong>dem</strong></span> <span class='ocrx_word' id='word_1_191' title='bbox 244 1984 341 2033; x_wconf 87' lang='lat' dir='ltr'><strong>castris</strong></span> <span class='ocrx_word' id='word_1_192' title='bbox 353 1982 437 2046; x_wconf 85' lang='lat' dir='ltr'><strong>pedes</strong></span> <span class='ocrx_word' id='word_1_193' title='bbox 449 1998 597 2049; x_wconf 85' lang='lat' dir='ltr'><strong>equesque,</strong></span> <span class='ocrx_word' id='word_1_194' title='bbox 613 1987 642 2034; x_wconf 91' lang='lat' dir='ltr'><strong>et</strong></span> <span class='ocrx_word' id='word_1_195' title='bbox 651 1987 780 2033; x_wconf 89' lang='lat' dir='ltr'><strong>nauticus</strong></span> <span class='ocrx_word' id='word_1_196' title='bbox 790 1983 882 2047; x_wconf 77' lang='lat' dir='ltr'><strong>utiles,</strong></span> <span class='ocrx_word' id='word_1_197' title='bbox 897 1986 988 2035; x_wconf 81' lang='lat' dir='ltr'><strong>mixti</strong></span> 
     </span>
     <span class='ocr_line' id='line_1_29' title="bbox 170 2048 988 2118; baseline 0.002 -14"><span class='ocrx_word' id='word_1_198' title='bbox 170 2051 256 2117; x_wconf 85' lang='lat' dir='ltr'><strong>copiis</strong></span> <span class='ocrx_word' id='word_1_199' title='bbox 268 2057 296 2101; x_wconf 89' lang='lat' dir='ltr'><strong>et</strong></span> <span class='ocrx_word' id='word_1_200' title='bbox 307 2048 424 2113; x_wconf 86' lang='lat' dir='ltr'><strong>laetitia,</strong></span> <span class='ocrx_word' id='word_1_201' title='bbox 435 2064 485 2100; x_wconf 79' lang='lat' dir='ltr'><strong>sira</strong></span> <span class='ocrx_word' id='word_1_202' title='bbox 495 2052 610 2118; x_wconf 90' lang='lat' dir='ltr'><strong>quisque</strong></span> <span class='ocrx_word' id='word_1_203' title='bbox 619 2051 705 2113; x_wconf 83' lang='lat' dir='ltr'><strong>facta,</strong></span> <span class='ocrx_word' id='word_1_204' title='bbox 719 2066 786 2102; x_wconf 89' lang='lat' dir='ltr'><strong>suos</strong></span> <span class='ocrx_word' id='word_1_205' title='bbox 796 2068 879 2103; x_wconf 87' lang='lat' dir='ltr'><strong>casus</strong></span> <span class='ocrx_word' id='word_1_206' title='bbox 889 2054 988 2106; x_wconf 87' lang='lat' dir='ltr'><strong>adtol-</strong></span> 
     </span>
     <span class='ocr_line' id='line_1_30' title="bbox 169 2117 989 2189; baseline -0.001 -16"><span class='ocrx_word' id='word_1_207' title='bbox 169 2122 276 2183; x_wconf 80' lang='lat' dir='ltr'><strong>lerent3</strong></span> <span class='ocrx_word' id='word_1_208' title='bbox 295 2133 327 2169; x_wconf 91' lang='lat' dir='ltr'><strong>ac</strong></span> <span class='ocrx_word' id='word_1_209' title='bbox 337 2117 420 2168; x_wconf 91' lang='lat' dir='ltr'><strong>modo</strong></span> <span class='ocrx_word' id='word_1_210' title='bbox 431 2118 562 2179; x_wconf 84' lang='lat' dir='ltr'><strong>silvarum</strong></span> <span class='ocrx_word' id='word_1_211' title='bbox 574 2126 604 2171; x_wconf 90' lang='lat' dir='ltr'><strong>et</strong></span> <span class='ocrx_word' id='word_1_212' title='bbox 613 2123 750 2171; x_wconf 90' lang='lat' dir='ltr'><strong>montium</strong></span> <span class='ocrx_word' id='word_1_213' title='bbox 760 2121 916 2189; x_wconf 84' lang='lat' dir='ltr'><strong>profunda,</strong></span> <span class='ocrx_word' id='word_1_214' title='bbox 929 2139 989 2174; x_wconf 87' lang='lat' dir='ltr'><strong>mo-</strong></span> 
     </span>
     <span class='ocr_line' id='line_1_31' title="bbox 171 2187 991 2255; baseline 0.001 -13"><span class='ocrx_word' id='word_1_215' title='bbox 171 2190 207 2242; x_wconf 88' lang='lat' dir='ltr'><strong>do</strong></span> <span class='ocrx_word' id='word_1_216' title='bbox 223 2191 420 2255; x_wconf 87' lang='lat' dir='ltr'><strong>tempestatum</strong></span> <span class='ocrx_word' id='word_1_217' title='bbox 432 2202 465 2238; x_wconf 90' lang='lat' dir='ltr'><strong>ac</strong></span> <span class='ocrx_word' id='word_1_218' title='bbox 481 2187 760 2253; x_wconf 62' lang='lat' dir='ltr'><strong>ssuctuum‘adversa,</strong></span> <span class='ocrx_word' id='word_1_219' title='bbox 779 2188 844 2240; x_wconf 92' lang='lat' dir='ltr'><strong>hinc</strong></span> <span class='ocrx_word' id='word_1_220' title='bbox 860 2195 950 2245; x_wconf 88' lang='lat' dir='ltr'><strong>terra</strong></span> <span class='ocrx_word' id='word_1_221' title='bbox 960 2198 991 2243; x_wconf 88' lang='lat' dir='ltr'><strong>et</strong></span> 
     </span>
    </p>

    <p class='ocr_par' dir='ltr' id='par_1_17' title="bbox 149 2256 990 2328">
     <span class='ocr_line' id='line_1_32' title="bbox 149 2256 990 2328; baseline 0.005 -19"><span class='ocrx_word' id='word_1_222' title='bbox 149 2294 155 2300; x_wconf 84' lang='lat'>-</span> <span class='ocrx_word' id='word_1_223' title='bbox 171 2256 267 2321; x_wconf 85' lang='lat' dir='ltr'><strong>hostis,</strong></span> <span class='ocrx_word' id='word_1_224' title='bbox 278 2256 341 2309; x_wconf 86' lang='lat' dir='ltr'><strong>hino</strong></span> <span class='ocrx_word' id='word_1_225' title='bbox 351 2259 449 2307; x_wconf 86' lang='lat' dir='ltr'><strong>auctae</strong></span> <span class='ocrx_word' id='word_1_226' title='bbox 460 2256 587 2308; x_wconf 83' lang='lat' dir='ltr'><strong>Oceanus</strong></span> <span class='ocrx_word' id='word_1_227' title='bbox 598 2259 713 2309; x_wconf 91' lang='lat' dir='ltr'><strong>militari</strong></span> <span class='ocrx_word' id='word_1_228' title='bbox 723 2260 856 2311; x_wconf 86' lang='lat' dir='ltr'><strong>iactantia</strong></span> <span class='ocrx_word' id='word_1_229' title='bbox 866 2274 990 2328; x_wconf 89' lang='lat' dir='ltr'><strong>compa·</strong></span> 
     </span>
    </p>

    <p class='ocr_par' dir='ltr' id='par_1_18' title="bbox 171 2326 989 2394">
     <span class='ocr_line' id='line_1_33' title="bbox 171 2326 989 2394; baseline 0.007 -19"><span class='ocrx_word' id='word_1_230' title='bbox 171 2332 309 2385; x_wconf 75' lang='lat' dir='ltr'><strong>narentur.</strong></span> <span class='ocrx_word' id='word_1_231' title='bbox 337 2326 489 2376; x_wconf 86' lang='lat' dir='ltr'><strong>Britannos</strong></span> <span class='ocrx_word' id='word_1_232' title='bbox 500 2341 620 2393; x_wconf 88' lang='lat' dir='ltr'><strong>quoque,</strong></span> <span class='ocrx_word' id='word_1_233' title='bbox 630 2334 662 2377; x_wconf 89' lang='lat' dir='ltr'><strong>ut</strong></span> <span class='ocrx_word' id='word_1_234' title='bbox 672 2342 707 2379; x_wconf 83' lang='lat' dir='ltr'><strong>ex</strong></span> <span class='ocrx_word' id='word_1_235' title='bbox 717 2329 834 2394; x_wconf 85' lang='lat' dir='ltr'><strong>captivis</strong></span> <span class='ocrx_word' id='word_1_236' title='bbox 844 2328 989 2383; x_wconf 88' lang='lat' dir='ltr'><strong>audieba-</strong></span> 
     </span>
    </p>
   </div>
   <div class='ocr_carea' id='block_1_3' title="bbox 170 2392 991 2591">
    <p class='ocr_par' dir='ltr' id='par_1_19' title="bbox 170 2392 991 2591">
     <span class='ocr_line' id='line_1_34' title="bbox 170 2392 990 2465; baseline 0.011 -23"><span class='ocrx_word' id='word_1_237' title='bbox 170 2399 226 2453; x_wconf 85' lang='lat' dir='ltr'><strong>tur,</strong></span> <span class='ocrx_word' id='word_1_238' title='bbox 245 2395 305 2443; x_wconf 85' lang='lat' dir='ltr'><strong>visa</strong></span> <span class='ocrx_word' id='word_1_239' title='bbox 320 2392 415 2443; x_wconf 81' lang='lat' dir='ltr'><strong>classis</strong></span> <span class='ocrx_word' id='word_1_240' title='bbox 431 2394 683 2458; x_wconf 79' lang='lat' dir='ltr'><strong>obstupefaciebat,</strong></span> <span class='ocrx_word' id='word_1_241' title='bbox 702 2402 858 2464; x_wconf 86' lang='lat' dir='ltr'><strong>tamquam,</strong></span> <span class='ocrx_word' id='word_1_242' title='bbox 877 2406 990 2465; x_wconf 81' lang='lat' dir='ltr'><strong>aperto</strong></span> 
     </span>
     <span class='ocr_line' id='line_1_35' title="bbox 170 2460 990 2531; baseline 0.016 -25"><span class='ocrx_word' id='word_1_243' title='bbox 170 2460 254 2508; x_wconf 83' lang='lat' dir='ltr'><strong>maris</strong></span> <span class='ocrx_word' id='word_1_244' title='bbox 269 2462 312 2509; x_wconf 89' lang='lat' dir='ltr'><strong>sui</strong></span> <span class='ocrx_word' id='word_1_245' title='bbox 327 2464 449 2520; x_wconf 86' lang='lat' dir='ltr'><strong>secreto,</strong></span> <span class='ocrx_word' id='word_1_246' title='bbox 469 2460 597 2511; x_wconf 89' lang='lat' dir='ltr'><strong>ultimum</strong></span> <span class='ocrx_word' id='word_1_247' title='bbox 609 2466 688 2513; x_wconf 86' lang='lat' dir='ltr'><strong>victis</strong></span> <span class='ocrx_word' id='word_1_248' title='bbox 699 2464 856 2531; x_wconf 85' lang='lat' dir='ltr'><strong>perfugium</strong></span> <span class='ocrx_word' id='word_1_249' title='bbox 868 2467 990 2520; x_wconf 77' lang='lat' dir='ltr'><strong>claude</strong></span> 
     </span>
     <span class='ocr_line' id='line_1_36' title="bbox 170 2525 991 2591; baseline 0.019 -21"><span class='ocrx_word' id='word_1_250' title='bbox 170 2531 256 2574; x_wconf 83' lang='lat' dir='ltr'><strong>retur.</strong></span> <span class='ocrx_word' id='word_1_251' title='bbox 291 2525 332 2576; x_wconf 93' lang='lat' dir='ltr'><strong>Ad</strong></span> <span class='ocrx_word' id='word_1_252' title='bbox 342 2540 439 2576; x_wconf 86' lang='lat' dir='ltr'><strong>manus</strong></span> <span class='ocrx_word' id='word_1_253' title='bbox 451 2531 479 2575; x_wconf 90' lang='lat' dir='ltr'><strong>et</strong></span> <span class='ocrx_word' id='word_1_254' title='bbox 489 2540 566 2577; x_wconf 89' lang='lat' dir='ltr'><strong>arma</strong></span> <span class='ocrx_word' id='word_1_255' title='bbox 576 2536 701 2581; x_wconf 83' lang='lat' dir='ltr'><strong>conversi</strong></span> <span class='ocrx_word' id='word_1_256' title='bbox 712 2532 893 2586; x_wconf 83' lang='lat' dir='ltr'><strong>Caledoniam</strong></span> <span class='ocrx_word' id='word_1_257' title='bbox 906 2538 991 2591; x_wconf 77' lang='lat' dir='ltr'><strong>inco,</strong></span> 
     </span>
    </p>
   </div>
   <div class='ocr_carea' id='block_1_4' title="bbox 170 2587 991 2663">
    <p class='ocr_par' dir='ltr' id='par_1_20' title="bbox 170 2587 991 2663">
     <span class='ocr_line' id='line_1_37' title="bbox 170 2587 991 2663; baseline 0.024 -27"><span class='ocrx_word' id='word_1_258' title='bbox 170 2587 259 2640; x_wconf 85' lang='lat' dir='ltr'><strong>lentes</strong></span> <span class='ocrx_word' id='word_1_259' title='bbox 271 2592 378 2658; x_wconf 83' lang='lat' dir='ltr'><strong>populi,</strong></span> <span class='ocrx_word' id='word_1_260' title='bbox 388 2600 489 2659; x_wconf 86' lang='lat' dir='ltr'><strong>paratu</strong></span> <span class='ocrx_word' id='word_1_261' title='bbox 500 2608 616 2661; x_wconf 77' lang='lat' dir='ltr'><strong>niagno,</strong></span> <span class='ocrx_word' id='word_1_262' title='bbox 634 2599 740 2651; x_wconf 87' lang='lat' dir='ltr'><strong>maiore</strong></span> <span class='ocrx_word' id='word_1_263' title='bbox 755 2597 844 2663; x_wconf 79' lang='lat' dir='ltr'><strong>lama,</strong></span> <span class='ocrx_word' id='word_1_264' title='bbox 863 2600 910 2651; x_wconf 86' lang='lat' dir='ltr'><strong>uti</strong></span> <span class='ocrx_word' id='word_1_265' title='bbox 923 2617 991 2656; x_wconf 84' lang='lat' dir='ltr'><strong>mos</strong></span> 
     </span>
    </p>
   </div>
   <div class='ocr_carea' id='block_1_5' title="bbox 0 0 1043 3025">
    <p class='ocr_par' dir='ltr' id='par_1_21' title="bbox 0 0 1043 3025">
     <span class='ocr_line' id='line_1_38' title="bbox 0 0 1043 3025; baseline 0 0"><span class='ocrx_word' id='word_1_266' title='bbox 0 0 1043 3025; x_wconf 95' lang='lat' dir='ltr'><strong> </strong></span> 
     </span>
    </p>
   </div>
  </div>
 </body>
</html>
