2034 3025
161 113 237 171 uo.-
387 70 736 166 neoniuonmvs
799 91 806 96 ’
840 150 845 157 .

214 224 276 276 XV.
294 223 368 272 Tum
383 222 470 285 Aper,
490 216 555 268 Non
578 215 694 279 desinis,
716 214 847 277 Messala,
868 223 971 270 vetera

163 298 271 346 tantum
283 296 313 342 et
323 292 439 357 antiqua
449 287 561 349 mirari,
578 288 740 337 nostrorum
752 289 848 335 autem
859 289 972 351 tempo-

161 377 225 415 rum
236 359 332 412 studia
341 357 464 409 inridere
476 361 562 423 atque
574 351 773 406 contemnerei
808 352 882 403 Nam
894 351 973 405 hunc

162 438 241 484 ὶιιιιιιι
252 442 409 481 sermonem
421 440 504 493 saepe
517 424 628 489 excepi,
646 436 721 483 cum,
741 421 845 473 oblitus
858 427 889 473 et
901 427 971 474 tuae

128 493 130 496 ¹
163 505 193 553 et
202 499 300 552 fratris
309 497 352 549 tui
358 494 545 561 eloquentiae,
554 493 695 543 neminem
707 489 896 554 hoctempore
910 506 972 542 ora·

162 575 255 620 torem
267 581 328 618 esse
339 562 535 617 contenderes:
555 565 638 627 atque
650 560 679 609 id
691 574 740 622 eo,
760 558 862 619 credo,
885 560 972 609 auda-

162 630 236 698 cius',
272 619 346 701 duod
362 631 548 699 malignitatis
565 630 723 695 opinionem
741 641 799 678 non
811 628 973 691 verebaris,

162 720 226 755 crum
238 718 298 756 eam
311 703 441 771 gloriam,
459 714 543 768 quem
553 698 607 753 tibi
619 698 666 751 alii
678 695 844 760 concedunt,
860 698 927 763 ipse
939 699 973 749 ti·

137 827 142 831 ,
164 775 191 824 bi
203 772 368 839 denegares.

215 839 313 906 Neque
323 839 411 902 iliius,
426 839 529 905 inquit,
548 836 684 889 sermonis
696 836 750 887 mei
761 838 970 903 poenitentiam

149 923 233 975 -sg03
250 922 341 976 neque
358 913 408 958 sut
422 906 593 968 Secundum,
613 911 662 957 eut
677 906 854 965 Maternum,
873 911 927 957 aut
945 914 973 958 te

163 980 265 1042 ipsum,
282 980 366 1043 Aper,
385 979 564 1043 (quamquam
584 974 725 1025 interdum
745 975 774 1023 in
795 977 974 1027 contrarium

164 1047 303 1112 disputes)
314 1046 399 1096 aliter
409 1045 517 1095 sentire
523 1043 620 1093 credo.
654 1045 693 1095 Ac
702 1041 786 1095 velim
796 1043 977 1107 inpetratum

164 1116 200 1166 ab
215 1114 309 1182 aliquo
323 1118 461 1175 restrum,
482 1118 515 1162 ut
530 1125 642 1161 caussas
657 1108 740 1161 huius
751 1109 884 1163 infinitae
897 1112 978 1165 diffe-

165 1184 275 1235 rentiae
295 1185 439 1233 scrutetur
449 1194 483 1233 ac
491 1177 605 1241 reddat,
626 1193 695 1244 quas
709 1194 818 1230 mecum
840 1181 907 1247 ipse
924 1183 980 1249 ple·

136 1302 142 1313 ,
165 1266 281 1319 rumque
295 1249 438 1316 conquiro.
474 1250 521 1310 Et,
537 1247 611 1314 quod
627 1246 792 1315 quibusdam
802 1248 915 1301 solatio
927 1256 981 1313 est,

95 1336 100 1348 ·
165 1317 233 1370 mihi
245 1323 329 1387 auget
358 1316 812 1383 uaestionem,quiavideo,etiam
825 1316 929 1371 Graiis
939 1336 981 1370 ac-

165 1388 282 1451 cidisse,
301 1335 463 1454 utdosgius
482 1386 558 1437 absit
571 1384 709 1439 Aeschine
730 1390 760 1437 et
778 1385 980 1440 Demosthene

165 1456 302 1512 Sacerdos
317 1458 370 1509 iste
380 1456 507 1520 Nicetes,
528 1458 558 1506 ei
572 1454 597 1504 si
612 1455 674 1521 quis
689 1453 760 1522 alius
772 1452 921 1524 Ephesum
938 1459 982 1509 sei

166 1523 981 1596 Mitylenaecontentusscholasticorumclamoribusqua·

165 1600 212 1663 tit,
223 1611 304 1665 quarn
315 1595 391 1659 Mer,
400 1600 451 1646 eut
460 1593 616 1656 Africanus,
626 1598 676 1646 eut
684 1608 736 1650 ros
744 1594 798 1660 ipsi
807 1608 826 1646 a
837 1591 981 1650 Cicerone
1015 1613 1016 1694 ι

166 1667 320 1721 autisinio
331 1665 497 1718 recessistis.
1015 1695 1016 1716 ,

138 1759 144 1766 ’
219 1769 291 1824 XVI.
308 1767 451 1838 Magnam,
470 1769 562 1834 inquit
572 1765 729 1830 Secundus,
750 1763 983 1836 eidignamtra·
1015 1803 1016 1820 ι

167 1845 245 1893 cestu
254 1841 449 1907 quaestionem
459 1839 580 1889 movisti.
605 1837 656 1888 se'd
667 1837 729 1904 quis
741 1850 802 1887 eam
813 1839 922 1892 iustius
934 1855 983 1892 ex·

167 1909 321 1976 plicaverit,
341 1923 423 1975 quam
437 1913 479 1970 tu,
498 1906 535 1957 ad
545 1907 624 1957 cuius
635 1919 771 1957 summam
783 1907 987 1962 eruditionem
1015 1929 1016 1934 ¹

167 1982 198 2029 et
207 1979 482 2043 praestantissimum
492 1975 638 2043 ingenium
649 1988 716 2026 cura
726 1989 838 2042 quoque
849 1982 881 2028 et
891 1979 983 2031 medi-

169 2044 385 2096 tationecessiti

220 2131 258 2182 ut
268 2129 403 2193 Messeis,
417 2131 551 2197 aperiam,
570 2129 672 2195 inquit,
686 2129 881 2196 cogitationes
890 2146 977 2194 meas,

168 2200 193 2250 si
203 2199 272 2251 illud
282 2214 299 2250 e
308 2199 386 2250 vobis
397 2203 462 2251 ante
473 2201 666 2266 inpetravero,
686 2205 718 2249 ut
726 2212 776 2249 vos
791 2213 909 2266 quoquc
921 2217 976 2253 ser·

170 2284 281 2322 monem
291 2265 365 2320 hunc
375 2274 502 2320 nostrum
515 2266 661 2332 adiuvetis.

220 2352 275 2403 Pro
287 2352 403 2415 duobus,
422 2353 514 2417 inquit
524 2352 679 2415 Maternus,
699 2351 843 2420 promitto.
869 2367 939 2404 nam
951 2359 979 2406 et

168 2426 261 2485 egoet
271 2419 413 2472 Secundus
424 2434 610 2488 exsequemur
619 2427 730 2486 partes,
746 2435 814 2486 quas
825 2420 981 2474 intellexe-

169 2489 268 2550 rimus,
288 2490 386 2538 tenen
395 2494 453 2540 tem
464 2489 606 2551 omisisse,
626 2504 706 2555 quam
719 2491 799 2541 nobis
810 2489 979 2555 reliquisse.

168 2554 268 2617 Aprum
284 2557 358 2607 enim
374 2556 468 2608 solere
483 2554 650 2619 dissentire,
669 2563 698 2609 et
708 2565 739 2609 tu
749 2557 843 2624 paullo
854 2566 926 2612 aute
938 2561 980 2610 di·

171 2619 244 2685 xisti,
263 2629 293 2674 et
303 2624 363 2691 ipse
372 2625 443 2676 satis
454 2623 632 2690 manifestus,
649 2628 810 2680 iamdudum
821 2629 850 2678 iu
861 2634 980 2681 conire„
