2034 3025
134 119 172 199 ta
233 77 842 187 msuoamnvu[amminoni]
888 132 894 145 »

63 246 69 254 “
134 223 294 294 Agrippam,
312 217 374 276 atax
383 232 571 290 mpetratum,
587 231 723 290 pontrema
738 222 878 274 Tiberium
889 221 944 274 Ne·

134 309 235 356 ranem,
246 291 414 361 priuignum,
428 292 457 344 in
463 291 589 359 proximo
599 287 777 364 cibifattig'io
786 291 944 344 corrlocaoit.

137 363 192 416 tea
199 361 340 432 Areguttra
350 361 380 414 in
394 361 469 413 danao
479 377 654 413 succentorem
665 357 812 430 qrcaerivit;
832 378 896 430 ego,
914 361 944 416 in
992 416 998 422 ,

134 431 295 501 Republica.
315 448 382 494 non,
401 431 465 499 quia
474 429 640 498 propinquat
656 440 706 483 aut
721 431 806 483 accior
821 430 882 482 belli
892 447 945 484 non

135 502 266 563 babeam,·
287 501 334 553 red
347 517 431 568 neque
444 500 502 568 ipre
516 500 659 566 imperinm
674 499 820 558 ambitione
836 501 944 569 accepi:

135 581 164 626 et
173 571 270 623 iudicii
284 568 337 624 mei
349 570 536 621 documentum
552 569 604 622 rint
621 587 674 623 non
689 587 763 622 meae
778 578 886 622 tanturn
901 587 945 622 nc·

135 641 318 704 caecitudines,
328 656 394 708 quar
405 638 457 690 tibi
461 639 612 707 postposui,
627 639 673 691 ced
681 648 709 691 et
720 642 792 692 tuae.
828 639 884 692 Est
893 637 949 692 tibi·

90 710 96 718 ’
131 711 230 785 frater
240 710 308 778 pari
320 708 477 774 nobilitate,
500 719 569 762 natu
585 710 684 772 alcaico,
708 709 806 778 dignun
821 707 872 761 buo
882 711 946 780 for·

44 789 54 798 “
79 816 83 821 -
135 787 218 844 tuna,
236 779 290 832 niti
300 787 331 830 tu
337 779 432 846 potior
442 795 519 830 eecce.
554 779 600 832 Ea
616 789 693 832 actae
710 788 774 842 tua,
793 777 946 848 quaecupi·

135 850 237 902 dilatat
253 847 449 900 adolescentiae
462 848 518 900 iam
533 847 682 918 effugerim
705 865 737 900 ea
752 848 824 913 aila,
847 847 876 902 in
890 860 945 918 qua

134 918 205 972 nibil
210 918 392 986 praeteritum
404 920 585 971 cuonrandum
595 919 703 971 babeat.
734 917 887 970 Fortunam
898 917 945 970 ad·

135 987 187 1040 laec
197 995 304 1039 tanturn
319 989 459 1055 advertam
474 988 564 1040 tulicti
570 1005 581 1050 ,·
600 989 730 1042 secundae
740 1004 783 1040 ree
793 986 945 1041 acrioribus

111 1114 119 1121 l
134 1056 252 1109 stimulis
266 1057 368 1110 aninmo
384 1060 543 1126 explorant,
561 1059 625 1126 quin
638 1057 763 1110 miseriae
779 1061 945 1121 tolerantur,

129 1127 271 1202 felicitate
286 1128 494 1195 corrumpimur.
529 1126 637 1189 Fidem,
660 1129 830 1190 libertatem,
853 1126 946 1178 amici-

135 1196 212 1258 tiam,
224 1197 375 1265 praecipua
385 1197 497 1250 burnani
507 1197 592 1249 animi
604 1197 680 1260 bona,
697 1206 727 1248 tn
739 1197 844 1265 quidem
854 1197 945 1249 eadem

134 1266 291 1318 constantia
301 1266 444 1318 retinebit.-
454 1269 500 1319 red
509 1266 559 1319 alii
565 1283 616 1334 per
626 1266 944 1334 obsequiurninminuent.

134 1335 277 1404 Inrumpet
287 1335 419 1399 adulatio,
429 1335 586 1401 blanditiae,
596 1337 741 1405 petrianum
751 1337 809 1390 aeri
820 1332 945 1408 adfectui

134 1421 278 1469 venenum,
297 1406 450 1474 ruucuiqne
461 1405 579 1459 utilitati.
612 1407 683 1476 Ego,
702 1423 734 1458 ac
745 1416 786 1470 tu,
805 1404 945 1473 simplicit-

135 1475 207 1529 rimc-
219 1476 292 1529 inter
306 1492 353 1530 noe
367 1475 445 1529 bodie
462 1475 596 1545 loquimur
602 1494 614 1529 :1
639 1476 724 1529 ceteri
738 1475 865 1529 libentiae
884 1491 945 1527 cum

129 1548 252 1621 fortuna
262 1556 370 1611 martra,
388 1564 467 1615 quam
477 1547 621 1599 nobiscnm.
661 1545 728 1599 Nam
738 1548 851 1604 inuadere
862 1544 946 1597 Prin·

134 1616 203 1683 cipi,
224 1618 297 1685 qaod
308 1625 446 1684 oporteat,
469 1618 551 1669 multi
570 1616 684 1669 laboris.-
709 1614 862 1668 adsentatio
877 1630 945 1683 erga

135 1684 295 1754 Principem
304 1702 485 1754 quancunque
495 1685 552 1740 eine
562 1685 673 1755 adfectu
681 1684 838 1754 peragitur.

187 1756 263 1809 xvl.
299 1755 408 1818 Etiam,
427 1756 452 1805 ci
466 1755 615 1808 inmanium
630 1753 744 1819 lnrperii
757 1768 854 1817 corpur
869 1760 947 1805 stare

46 1840 54 1892 ζ
134 1840 169 1878 ac
178 1823 275 1877 librari
285 1824 343 1877 cine
353 1833 566 1892 interemerat,
578 1822 675 1889 dignun
686 1837 770 1883 eram,
780 1818 946 1888 aquaResp.

132 1892 281 1961 inciperet:
299 1910 370 1947 nunc
380 1912 411 1945 ea
420 1891 588 1945 necessitatis
598 1892 653 1941 iam
663 1888 766 1957 pridem
776 1897 884 1942 uentum
895 1900 946 1955 etl,

134 1972 168 2015 ut
177 1981 225 2017 nec
235 1980 295 2016 mea
304 1972 426 2015 teneatur
435 1963 561 2034 conferre
568 1962 630 2027 plna
641 1960 747 2027 Populo
757 1958 835 2011 Rara.
844 1960 945 2029 poerit,

153 2048 214 2088 uam
225 2032 320 2085 bonum
330 2047 519 2092 immaniorem,
538 2038 644 2082 nectua
652 2032 715 2098 plue
725 2027 843 2094 iuuenta,
863 2046 944 2099 quarn

134 2050 231 2154 ionum
246 2100 412 2168 Principem.
450 2098 505 2150 Sub
524 2097 632 2150 Tiberio
653 2108 686 2151 et·
699 2097 766 2151 Caio
786 2108 813 2151 et
829 2098 944 2151 Claudio

132 2170 349 2243 uniutfamiliae
360 2169 439 2237 quasi
452 2168 589 2221 beredita'a
595 2166 718 2242 suinae:
738 2171 795 2221 loca
805 2168 943 2221 libertatis

134 2241 201 2305 erit,
219 2241 291 2310 quad
298 2239 365 2309 eligi
374 2240 515 2309 coepirnua.
552 2238 606 2302 Et,
617 2238 706 2309 finita
717 2237 849 2293 Iuliorum
861 2236 941 2289 Clau-

133 2312 289 2379 diorumque
300 2310 389 2374 domo,
408 2309 538 2379 optimum
549 2324 676 2376 quemque
693 2308 803 2375 adoptio
813 2306 942 2361 inveniet.

133 2377 207 2432 Nam
213 2379 344 2450 generari
354 2388 382 2433 et
391 2378 467 2434 nacci
477 2397 494 2432 a
505 2378 697 2447 Principibus,
708 2377 875 2452 fortuitum,
893 2394 949 2431 nec·

75 2497 78 2502 .
132 2452 209 2503 ultra
224 2451 402 2504 aertimatur:
424 2448 574 2519 adaptandi
587 2448 718 2501 iudicium
731 2447 887 2519 integrum·
905 2454 941 2511 et,

129 2519 230 2573 cirelio
240 2520 351 2592 eligere,
369 2536 499 2575 concentu
508 2526 687 2573 monstratur.
725 2516 770 2571 aa
780 2525 842 2571 ante
853 2518 943 2569 oculor

70 2647 73 2656 ¹
130 2586 216 2656 Nero,
236 2608 328 2662 quem,
350 2594 434 2664 longa
449 2589 597 2652 Caesarum
616 2589 685 2643 cerie
706 2595 866 2654 tumentem,
888 2603 941 2643 non

136 2655 309 2718 l⁷iadeacurn
318 2660 576 2734 inermiprooincia,
594 2668 645 2717 aut
658 2676 711 2735 ego
725 2674 785 2716 runt
794 2674 850 2717 aaa
860 2654 941 2730 legio·
