2034 3025
162 134 216 189 142
248 134 549 188 nisuoarsavm
569 128 612 201 [A.
622 134 655 187 V.
665 138 724 190 823.
743 134 818 187 A.C.
830 131 894 204 7o.]

164 242 339 301 venantibus,
357 239 536 305 legionariam
547 240 674 289 militiam
684 240 882 304 poscentibus,
906 246 981 309 opti.

163 324 225 361 mus
236 311 350 376 quisque
361 308 472 357 adsciti:
501 307 615 358 classem
627 306 775 359 Dalmatae
791 310 981 375 supplevere.

163 378 312 430 Exercitus
321 376 469 441 Ducesque
479 374 514 425 ad
526 374 632 426 Fanum
638 375 779 426 Fortunae
789 378 848 427 iter
858 382 981 440 sistunt,

165 446 317 497 desumma
331 458 425 493 rerum
440 449 616 505 cunctantes,
644 442 730 509 quod,
759 452 901 500 rnotasex
913 449 983 499 urbe

163 513 328 566 Praetorias
342 511 478 573 cobortes,
496 510 655 573 audierant,
674 517 703 561 et
716 514 807 582 teneri
820 518 982 579 praesidiis

165 585 339 648 Apenninum
353 581 494 632 rebantur.
526 585 554 631 et
564 581 647 647 ipsos,
666 580 695 630 in
706 582 822 647 regione
833 582 922 635 bello
934 586 981 636 ud-

164 653 246 713 trita,
273 651 367 717 inopia
382 658 412 701 et
425 647 574 700 seditiosae
589 649 707 699 militum
718 663 801 701 voces
810 652 981 717 terrebant,

82 776 86 785 ,
164 717 315 771 clocarium
329 716 524 784 flagitantium.
560 732 611 769 nec
626 718 769 784 pecuniam
785 725 840 773 aut
850 720 981 773 frumen.

164 794 224 838 tum
234 784 423 854 providerant:
443 793 471 837 et
481 784 624 837 festinatio
634 790 716 852 atque
726 786 849 838 aviditas
858 802 978 857 praepe

164 854 286 916 diebant‚
304 853 378 915 dum,
397 870 468 921 quas
479 854 565 919 accipi
577 860 715 921 poterant,
733 856 897 919 rapiuntur.

218 921 264 973 Ll.
284 921 485 973 Celeberrimos
496 930 624 974 auctores
634 921 737 984 babeo,
764 928 878 975 tautam
890 927 978 979 victe

163 990 242 1043 ribus
252 990 384 1042 adversus
394 989 436 1041 fas
447 989 580 1057 nefasque
590 992 802 1042 inreverentiam
814 992 932 1058 fuisse,
949 1002 979 1045 ut

165 1062 313 1127 gregarius
323 1074 421 1127 eques,
449 1060 570 1110 occisum
583 1074 652 1123 ase,
676 1060 891 1125 proximaaci'e,
926 1063 978 1114 fra·

165 1134 237 1178 trem
248 1126 402 1194 professus,
425 1130 579 1193 praemium
590 1126 738 1192 aDucibus
749 1128 874 1193 petierit.
919 1132 978 1184 Nec

166 1195 223 1246 iilis
235 1200 283 1246 aut
293 1194 430 1245 bonorare
441 1210 502 1245 cam
514 1196 625 1247 caedem
636 1196 679 1247 ius
690 1194 850 1261 bominum,
871 1206 929 1251 aut
939 1200 978 1250 ul·

166 1264 232 1315 cisci
250 1264 323 1314 ratio
341 1262 422 1326 belii,
451 1264 638 1329 permittebat.
681 1264 873 1329 Distulerant,
907 1275 977 1319 tam·

167 1348 250 1401 quam
265 1334 373 1384 maiora
387 1333 531 1395 meritum,
558 1336 639 1401 quoni
655 1348 726 1401 quae
741 1338 836 1385 statim
848 1339 977 1389 exsolve·

165 1408 278 1455 rentur:
306 1400 522 1468 necquidquam
536 1400 613 1452 ultra
630 1402 759 1455 traditur.
796 1404 936 1457 Ceterum
950 1410 977 1457 et

166 1473 306 1540 prioribus
326 1471 425 1523 civium
444 1470 526 1522 bellis
545 1483 596 1537 par
615 1470 704 1522 scelus
723 1471 870 1524 inciderat.
913 1489 975 1526 nam

167 1542 292 1608 proelio,
321 1555 375 1608 quo
390 1539 462 1605 apud
479 1540 631 1591 Ianiculum
645 1539 778 1591 advertus
790 1542 913 1594 Cinnam
930 1561 974 1611 pu-

167 1617 282 1678 gnatum
293 1616 345 1671 est,
363 1606 547 1675 Pompeianus
557 1607 638 1658 miles
649 1607 763 1670 fratrem
774 1625 872 1672 suum,
900 1613 975 1676 dein,
1015 1639 1016 1693 i

167 1681 280 1745 cognito
290 1678 421 1739 facinore,
440 1675 725 1742 seipsuminteriecit,
744 1683 776 1728 ut
787 1677 913 1731 Sisenna
923 1696 975 1732 me-

166 1754 267 1798 morat.
301 1750 380 1796 tanto
391 1746 483 1796 acrior
493 1744 565 1811 apud
576 1747 709 1809 maiores,
736 1747 808 1797 sicut
820 1749 976 1802 virtutibus
1014 1801 1015 1806 ,

167 1815 267 1884 gloria,
287 1816 326 1865 ita
335 1813 449 1882 flagitiis
459 1815 638 1880 poenitentia,
658 1814 721 1866 fuit.
757 1813 811 1866 Sed
823 1814 975 1870 baeealia-

167 1899 231 1951 que,
245 1898 279 1935 ex
288 1884 376 1934 veteri
385 1883 520 1933 memoria
529 1884 623 1947 petita,
642 1886 769 1950 quotiens
780 1885 976 1956 resiocusqne

167 1951 294 2017 exempla
304 1953 382 2013 recti,
393 1955 443 2001 aut
451 1951 553 2002 solatia
563 1951 637 2014 meli,
647 1957 754 2020 poscet,
763 1950 840 2004 baud
849 1955 975 2007 absurde
1013 2003 1014 2006 ,

168 2021 392 2072 memorabimus.

220 2086 279 2138 Lll.
297 2085 431 2146 Antonio,
460 2083 640 2156 Ducibusque
659 2090 797 2154 partium,
824 2092 977 2158 praemitti

168 2156 448 2224 equitet,.omsempue
463 2149 599 2208 Vmbriam
608 2158 746 2224 explorari
754 2158 867 2224 placuit,
885 2165 976 2230 cipue
1012 2179 1013 2226 i

124 2259 132 2268 ,
167 2224 305 2294 Apennini
318 2223 385 2292 iuga
401 2221 556 2282 clentmtim
575 2225 731 2278 adirentur.-
760 2227 848 2278 occire*
866 2231 976 2298 equitat

167 2290 475 2364 signaqueetquidqu's’d
488 2287 609 2354 Veronae
618 2293 837 2368 miiiturinsertt:
852 2293 975 2364 Padum·-

167 2380 218 2434 με
228 2373 255 2415 et
265 2379 339 2414 mare
349 2360 539 2413 cornmeatt‘dus
549 2363 683 2428 compteri.
705 2361 974 2432 Eritntintebssuces,

167 2433 213 2498 qui
228 2434 373 2482 necterent
388 2442 490 2479 moras.
526 2430 626 2495 quippe
642 2432 741 2482 nimius
755 2433 811 2496 iam
825 2434 975 2493 Antonius,

168 2505 197 2551 et
207 2500 328 2550 certiora
343 2510 378 2547 ex
393 2495 524 2547 Muciano
538 2499 730 2561 sperabantur.
766 2493 895 2568 Namque
911 2502 964 2554 Mu

167 2567 276 2628 denus,
298 2569 355 2616 tam
366 2560 451 2615 celeri
460 2565 576 2613 victorio
585 2567 696 2628 anxius,
725 2571 778 2632 et',
797 2568 976 2635 niprti‘cbenb

167 2633 236 2685 urbe
246 2633 398 2700 potiretur,
427 2635 568 2697 expertem
582 2635 612 2684 s'e
627 2631 693 2685 boib
709 2635 975 2704 gib'r'iaeqb'e'rotus,
