2034 3025
144 117 199 173 mo
243 133 246 142 ·
275 105 835 200 annaurvm[av.m1.n.c.4e]

143 199 303 217 ffl—

146 237 234 283 amor,
250 237 290 284 ae,
306 224 331 271 si
348 227 554 286 cunctarentur,
569 224 724 290 propinqua
740 239 805 288 nox,
821 231 851 278 et
864 225 957 278 uxorii

146 291 266 345 cubiculi
285 293 418 342 mensoria
434 291 619 355 timebantur3
639 296 794 360 prorumpit
804 295 957 359 Narcissus,

76 413 80 422 ,
147 361 348 430 denuntiatque
360 362 574 413 centurionibus
580 365 614 414 'et
624 363 758 427 'l‘ribuncq
769 367 816 432 qui
828 364 957 429 aderant,

146 430 256 498 exsequi
271 431 392 481 coedent.-
410 429 452 482 ita
468 431 665 498 imperatorem
679 430 781 484 iubere.
818 441 912 486 eustos
927 441 956 486 et

131 507 262 554 -cxactor
272 515 287 550 e
298 499 406 550 libertis
417 501 530 551 lirodus
541 501 631 552 datus.
649 500 731 569 isque
741 506 841 570 raptim
853 508 881 554 in
892 503 956 555 bor·

144 575 190 621 tos
199 581 389 636 praegressus,
400 572 505 634 reperit
514 570 604 621 fusam
614 569 699 634 humi,
709 572 855 625 adsidente
865 579 956 625 matre

141 639 264 708 Lepida:
284 652 355 710 quae
366 639 478 689 florenti
488 640 563 692 tiliae
579 639 654 691 baud
669 657 798 706 concors,
818 645 956 709 supremis

122 761 125 770 ,
145 711 205 761 eius
216 709 428 760 necessitatibus
439 701 475 759 ad
487 713 695 762 miserationem
708 714 798 764 evicta
809 708 957 775 eratqsua·

145 777 292 845 debetque,
313 795 345 830 ree
363 793 547 846 percussorem
567 779 746 848 opperiretur.
766 781 898 848 transiere
918 781 957 834 ιη’-

144 857 305 912 torqueque
316 846 399 910 olirtd,
410 864 490 914 quum
500 849 583 900 morti
593 850 679 911 decas,
691 848 880 916 quaerendum.
899 849 956 902 Sed

145 918 239 968 animo
249 932 299 990 per
309 916 438 968 libidines
450 923 595 985 corrupto,
616 916 685 968 nibil
697 918 843 971 honestum
856 922 955 972 inerat.

144 985 331 1052 lacrimaeque
344 993 372 1037 et
382 992 497 1054 questus
508 990 585 1038 inriti
596 987 781 1051 ducebantur3
795 1004 858 1039 eum
869 992 957 1054 impe·

143 1062 174 1107 tu
187 1059 354 1108 venientium
366 1056 462 1122 pulsae
474 1055 558 1119 fures,
576 1057 741 1123 adstititque
751 1058 893 1108 Tribunus
904 1073 957 1123 per

146 1125 302 1193 silentium,
323 1131 352 1176 at
367 1126 482 1176 libertus
496 1129 644 1192 increpans
658 1126 755 1177 multis
765 1142 797 1177 ac
806 1128 957 1180 servilibus

166 1195 264 1244 rubris.

144 1205 163 1262 P
198 1261 354 1315 xxxviii.
378 1264 458 1314 Tune
472 1265 591 1330 primurn
611 1262 750 1315 fortunam
770 1279 847 1315 suam
865 1266 956 1316 intro·

146 1334 244 1399 spexit,
257 1331 416 1400 ferrumque
427 1336 543 1398 aceepit,
559 1333 633 1400 qnod
644 1333 749 1385 frustra
759 1334 855 1402 iugulo
867 1351 899 1386 ae
909 1351 956 1401 pe-

146 1404 226 1463 ctori,
249 1418 298 1468 per
317 1401 544 1468 trepidationem,
571 1402 732 1467 admovens,
758 1406 814 1456 ictu
835 1403 957 1455 'l'ribuni

143 1474 327 1541 transfigitur.
356 1484 456 1541 corpus
471 1475 554 1525 matri
571 1489 738 1527 eoncessum.
774 1475 955 1527 Nuntiatum-

144 1558 198 1611 que
220 1543 336 1594 Claudio
358 1544 491 1609 epulanti,
508 1544 613 1612 periore
630 1542 825 1609 Messallirrom,
844 1559 898 1596 non
915 1544 956 1595 di·

68 1664 73 1667 .
145 1614 258 1677 stincto,
269 1628 319 1663 sua
330 1628 364 1663 an
376 1614 467 1665 aliena
479 1630 571 1666 manu.
590 1631 641 1665 nec
651 1614 699 1665 ille
710 1618 857 1681 quaesivit:
870 1628 954 1681 popo·

143 1684 250 1751 scitque
270 1683 399 1749 poculum
421 1690 449 1735 ct
466 1684 549 1735 solita
569 1684 694 1746 conririo
714 1685 873 1735 celebrarit.
910 1683 954 1735 Ne

110 1801 119 1815 ,
144 1754 246 1804 secutis
263 1752 372 1819 quidem
388 1752 495 1815 diebus,
515 1752 582 1813 odii,
600 1751 703 1817 gaudii,
722 1753 790 1812 irae,
810 1752 953 1817 tristitiae,

143 1821 229 1872 ullius
240 1821 358 1890 denique
369 1820 481 1871 humani
493 1820 621 1871 adiectus
631 1819 800 1885 signadedit‚
811 1833 876 1883 non,
887 1836 953 1874 curn

20 1906 118 1941 κ
143 1892 280 1944 lactantes
288 1890 635 1955 accusatoresadspieeret,
645 1902 710 1949 non,
721 1905 782 1939 cnm
795 1890 867 1940 tilios
878 1906 953 1943 mae·

142 1969 245 2016 rentes.
272 1961 406 2027 iuvitque
416 1960 580 2011 oblivionem
591 1959 651 2008 eius
662 1957 791 2022 Senatus,
803 1961 952 2026 censendo,

142 2050 236 2089 portien.
247 2036 273 2081 et
285 2026 390 2098 effigies
397 2028 517 2098 privatis
527 2044 560 2079 oe
567 2026 684 2095 pellicis
695 2028 760 2080 Iocis
771 2029 952 2083 removendas.

54 2146 60 2154 .
143 2104 267 2156 Decreta
287 2099 418 2151 Narcisso
439 2097 604 2169 Quaestorr'o
625 2096 763 2167 iosigrrr'u;
780 2099 952 2153 levissimum

144 2172 249 2227 fastidii
267 2172 340 2231 eius,
356 2184 417 2221 cum
429 2170 516 2235 supra
524 2167 681 2220 Pallantem
693 2174 721 2219 et
732 2168 877 2220 Callistum
889 2186 953 2239 age-

143 2248 196 2295 ret.
232 2242 359 2293 Honesta
374 2239 484 2309 quidem
491 2276 499 2303 ,
520 2238 570 2293 sed
581 2254 615 2292 ex
626 2238 727 2308 quibus
738 2239 890 2293 deterrima
900 2242 953 2292 ori·

143 2318 249 2377 rentur,
265 2310 385 2362 tristitiis
396 2310 501 2363 multis.
536 2321 544 2336 ¹

445 2525 646 2545 m
