2034 3025
125 91 177 159 raa
245 90 475 170 anuinium
492 68 653 163 [nawa
670 93 811 168 nona]
906 110 908 115 ·

62 248 64 254 ,
124 205 250 257 mentali
262 212 446 272 cognomento
457 213 526 257 erat.
544 213 685 273 repertum
697 218 747 271 est,
762 209 859 261 aedem
870 226 934 267 esse

124 274 329 342 apudntntium,
339 291 411 343 quae
420 278 460 326 sic
470 282 687 343 nuncuparetur,
702 285 934 347 cunctosque-coe·

124 344 256 397 rimonior
272 343 378 397 Italicis
392 344 423 397 in
437 344 550 412 oppidis,
570 348 721 413 trurplapue
740 354 769 399 et
783 346 933 403 Nominum

126 412 243 485 effigies,
262 413 333 465 iuris
342 422 424 479 utque
438 414 548 483 irnperii
561 412 679 468 Romani
694 431 757 468 erre.
777 411 818 468 ita
828 418 932 470 donum

126 482 200 549 apud
210 484 322 534 Antium
332 486 472 535 statuitur.
508 484 554 549 Et,
573 484 684 551 quando
700 485 735 537 de
750 485 933 555 religionibus

127 552 310 615 tractabatur,
327 551 444 603 dilatum
454 566 717 619 nuperfresponsum
727 554 859 607 adversus
869 552 934 609 Ser·

125 622 457 687 riumblaluginensem,
475 622 631 675 Flaminem
651 623 775 687 Dialem,
796 628 934 693 prompsit

126 692 244 753 Gamar,
262 693 446 758 recitavitque
456 692 599 744 decretum
609 692 789 746 Pontificum:
808 696 932 763 quotient

126 760 253 812 ualetudo
271 761 385 812 adonta
404 759 555 813 Ftnminrm
574 759 684 814 Dialem
703 762 932 831 interserente,

126 827 395 897 Pontificirlllorimi
404 829 532 895 arbitrio,
539 832 602 900 plur
612 847 692 899 prtum
703 831 848 885 binoctium
858 833 930 889 ader·

126 908 182 950 ret:
197 899 258 950 dum
267 916 301 953 ne
311 898 512 966 dieburpubtiu'
520 900 659 1022 raom'pjeii,
670 918 723 969 neu
735 904 841 971 saepius
851 919 932 972 quem

126 967 444 1021 burundenrinnnnum.
481 971 569 1034 Quae,
612 972 850 1041 rinciperlugusto
866 988 931 1025 con·

43 1053 45 1056 ·
124 1039 232 1100 stituta,
242 1040 309 1089 satis
320 1038 644 1102 ostendebant-annuam
656 1042 819 1104 absentiam,
830 1048 858 1094 et
870 1055 930 1109 pron

124 1108 275 1158 vinciacum
295 1107 563 1161 administrationem
584 1109 713 1161 Dialibus
734 1125 790 1162 non
808 1112 930 1164 concedi.

125 1177 388 1246 memorabaturque
407 1178 439 1229 L.
452 1179 570 1242 Metelli,
590 1178 732 1231 Pontiliois
748 1180 872 1244 Maximi,
885 1196 931 1233 ex-

125 1246 256 1314 emplum,
267 1249 314 1315 qui
322 1247 423 1299 Aulum
434 1247 616 1312 Postumium,
627 1248 791 1313 Flaminem,
803 1252 929 1301 attinuis-

124 1323 175 1368 set.
208 1317 324 1369 ltasurs
334 1318 417 1371 Asiae
427 1321 457 1369 in
467 1334 539 1381 eum,
550 1321 597 1387 qui
608 1318 801 1371 Consularium
812 1319 930 1387 Malugi-
948 1380 958 1397 β

124 1388 204 1438 nensi
216 1389 357 1453 proximus
369 1395 444 1451 erat,
453 1388 574 1440 conlata.
924 1420 928 1425 ·

131 1478 143 1486 -’
174 1456 287 1509 Lxxll.
305 1458 405 1512 lisdem
417 1458 514 1510 diebus
525 1456 649 1526 Lepidus
660 1458 695 1509 ab
706 1456 810 1512 Senatu
822 1459 931 1526 petiuit,
972 1508 975 1516 ,

124 1535 155 1578 ut
165 1525 304 1581 barilicom
313 1525 405 1593 Pauli,
414 1527 531 1580 Aemilio
541 1528 714 1593 monimento,
727 1527 842 1598 propriu
848 1544 930 1596 pecu·

55 1643 60 1654 .
120 1595 170 1657 nia
178 1595 309 1667 firmaret
324 1607 495 1667 ornaretpur.
515 1604 576 1650 erat
590 1600 675 1650 etiam
686 1603 745 1649 tum
755 1601 783 1648 in
796 1611 871 1649 more
882 1611 929 1666 pu·

123 1664 197 1718 blica
216 1668 416 1721 munificentia:
435 1669 635 1734 nacrlugustus
651 1673 780 1718 arcuerat
796 1667 931 1731 Taurum,

124 1733 290 1802 Philippum,
300 1735 435 1799 Balbum,
446 1734 561 1787 hostiles
572 1736 692 1796 exuvias,
703 1739 753 1784 aut
762 1732 930 1788 exundantis

13 1853 22 1862 ,
123 1803 204 1870 opes,
226 1809 356 1868 ornatum
366 1805 402 1856 ad
413 1806 490 1855 urbis
500 1809 529 1873 et
539 1809 680 1870 posterum
691 1803 809 1870 gloriam
822 1802 930 1857 confer·

123 1888 164 1925 re.
182 1879 306 1940 quotum
319 1874 445 1940 exemplo
455 1873 593 1938 Lepidus,
614 1886 777 1940 quamquam
793 1875 931 1938 pecuniae

123 1942 258 2005 modicus,
277 1944 381 1995 avitum
402 1944 486 1995 decus
504 1941 632 1994 recoluit.
667 1943 703 1993 At
713 1940 838 2009 Pompeii
852 1940 928 1995 tiren-

122 2020 196 2063 trum
213 2013 278 2080 igne
297 2011 413 2066 fortuito
433 2013 574 2068 haustum.
603 2012 706 2062 Caesar
725 2020 929 2066 exstructurum

122 2080 262 2148 pollicitus
273 2087 324 2142 est,
331 2079 653 2152 roquodnemorfumilia
661 2081 840 2133 restaurando
849 2077 929 2152 ruffi

122 2159 195 2204 reret
203 2166 214 2211 ,·
231 2159 356 2203 monente
370 2159 461 2202 tumen
474 2165 579 2201 nomme
592 2149 724 2217 Ponrpeii.
743 2150 825 2202 simul
840 2149 927 2202 laudi·

121 2222 173 2273 bus
184 2218 313 2273 wantum
329 2220 442 2282 extulit,
462 2227 601 2286 retorquam
616 2220 707 2272 labore
728 2217 927 2289 vigilantiaque

121 2289 180 2343 eius
191 2297 270 2343 tenta
284 2288 325 2342 nir
338 2305 420 2343 unum
429 2288 505 2343 intro
516 2288 641 2342 damnum
651 2289 779 2341 rtetirret.
815 2291 853 2341 Et
863 2304 926 2341 cen·

120 2373 203 2413 suere
219 2359 323 2424 Patres,
342 2359 464 2433 effigiem
480 2357 588 2424 Srione,
608 2376 677 2430 quae
695 2354 770 2428 apud
787 2357 925 2411 theatrum

120 2428 244 2499 Pompeii
254 2431 399 2483 locaretur.
413 2445 504 2498 neque
515 2431 603 2483 multo
614 2433 678 2498 post
688 2431 799 2491 Caesar,
810 2443 871 2480 cum
881 2427 925 2478 lu·

119 2502 196 2552 nium
207 2499 348 2564 Blaesum,
368 2500 565 2554 Proconsulem
577 2500 697 2563 Africae,
715 2497 847 2572 triumphi
859 2497 925 2548 insl-

119 2571 218 2636 gnibus
228 2570 379 2635 attolleret,
392 2571 458 2624 dure
466 2571 497 2623 id
504 2587 543 2639 rr,
558 2571 638 2636 dixit,
657 2567 754 2624 bonori
764 2565 866 2632 Seiani,
877 2581 925 2620 ou·

119 2639 161 2690 ius
171 2637 220 2709 ille
230 2642 381 2695 avunculus
393 2648 463 2698 eret.
