2034 3025
4 208 5 215 ἵ
77 136 247 229 ΜΠ.
264 136 350 210 ΜΒ.
361 134 461 192 35ν3ἀ
478 138 524 206 [A.
534 140 566 191 V.
574 139 634 217 823.
653 141 687 194 A.
699 138 728 193 C.
740 140 790 210 7o.]
814 137 869 198 189
906 140 909 147 ’

3 247 6 296 ζ
62 249 148 293 rent:
176 260 241 294 nam
261 242 374 293 flumine
395 242 492 294 hostes
512 245 702 311 potiebantur.
743 244 869 300 Primum

65 326 171 377 agmen
182 327 310 363 securum
319 313 445 373 incessit,
466 312 588 362 nondum
599 314 669 362 satis
679 312 761 363 firmo
773 312 868 365 Civile..

70 382 126 447 qui,
136 382 184 431 ubi
193 395 288 431 rums
298 378 539 447 mirrorNooeu'um
579 388 770 443 terremotum,
780 380 868 431 datas-

69 463 119 511 que
134 448 164 499 in
177 446 340 513 praesidium
353 447 488 508 cohortes,
508 464 524 497 o
551 455 581 498 nt
591 451 676 499 nauita
682 462 750 513 pore
760 446 788 498 in
841 446 869 499 ἀπ’

68 516 186 591 accepit,
209 531 303 567 rarum
314 515 388 580 apud
397 516 479 581 signa
490 516 617 577 militem,
632 531 709 565 arma
718 518 747 564 'ru
757 530 791 566 re
813 519 867 567 iou·
880 572 885 585 ἱ

68 584 113 642 iis,
124 589 239 634 cunctos
249 585 363 633 lieentia
371 598 468 648 rugos,
477 586 649 648 compositus
661 584 778 633 invadit:
789 596 868 651 prae·
910 618 911 625 .

69 652 173 713 missis,
185 654 232 717 qui
242 657 343 716 pontes
352 656 384 701 et
393 654 500 700 riarium
510 658 631 718 angusta
640 652 812 702 insiderent·
819 666 867 717 pu·

70 724 186 786 gnatum
196 719 281 784 longo
293 720 404 785 agmine
415 725 447 768 et
457 720 564 771 ineerta
576 720 679 781 Marte,
692 720 780 770 donoc
788 732 868 787 proe·

69 787 139 837 lium
148 801 204 836 nox
213 787 366 837 dirimeret.
395 785 531 838 Cohortes
543 788 695 838 Geldubam
706 800 867 853 perrexere,

70 856 258 917 nranentibus,
266 860 300 905 ut
310 854 431 918 fuerant,
452 858 564 918 eastris,
585 869 655 920 quae
666 856 827 906 relictorum
836 854 868 904 ss·

69 924 108 973 lio
121 924 242 974 militum
260 924 403 991 praesidio
423 925 602 974 tenebantur.
638 922 700 975 Non
716 921 868 974 erat'dubi·

69 1007 131 1052 um,
151 997 284 1056 quantum
295 994 323 1041 in
334 1003 466 1057 regressu
480 992 650 1041 discriminis
662 991 817 1041 adeundum
827 988 870 1041 fo·

69 1065 132 1121 ret,
153 1059 402 1110 frumentatoribus
421 1059 749 1124 onustis-perculsisque.
783 1058 869 1110 Addit

71 1129 209 1178 exercitui
220 1143 271 1178 suo
278 1128 386 1178 Vocula
395 1126 472 1175 mille
482 1126 606 1177 delectos
618 1140 633 1175 e
643 1127 740 1190 quinta
751 1130 780 1176 et
791 1127 869 1193 quin·

71 1196 211 1245 tadeoima
221 1196 390 1261 legionibus,
405 1194 478 1260 apud
488 1192 593 1245 Vetera
604 1178 737 1257 obsessis}
750 1193 869 1249 indomi-

70 1269 132 1313 tum
152 1264 270 1314 militem'
282 1269 315 1313 -et
329 1263 452 1314 Ducibus
471 1260 621 1313 infensum.
657 1261 765 1323 Phimes,
786 1276 868 1327 quiam

70 1331 177 1382 iussum
195 1338 265 1393 erat,
283 1332 412 1397 profecti,
429 1330 523 1395 palam
538 1332 566 1379 in
582 1330 693 1394 agmine
702 1328 871 1392 fremebant,

70 1416 124 1451 non
134 1416 161 1448 se
171 1402 246 1449 uitro
255 1397 490 1469 santonensium
500 1396 675 1465 legatorum,
697 1398 869 1446 toleraturos.

71 1469 117 1528 At,
128 1468 174 1532 qui
186 1471 390 1529 remanserant,
410 1466 527 1516 desertos
538 1480 564 1514 re
575 1464 690 1514 obductu
696 1471 779 1530 purte
789 1462 871 1532 legio·

71 1548 146 1596 nune,
158 1537 355 1600 querebantur.
378 1555 380 1560 ·
390 1535 500 1598 Duplex
511 1533 576 1583 hino
586 1532 701 1594 sediti03
719 1533 782 1583 aliis
792 1547 870 1587 reru·

71 1604 201 1660 euntibus
220 1603 369 1664 Voculam,
393 1603 456 1652 aliis
475 1600 568 1653 redire
587 1600 730 1670 ineastra
749 1601 871 1655 abnuen-

71 1672 159 1722 tibus,
617 1684 619 1687 ·

115 1739 244 1794 xxxvi.
261 1741 378 1792 luteum
391 1741 485 1792 Ciuilis
495 1741 603 1793 Vetera
613 1738 800 1792 circumsedit.
814 1738 871 1792 Vo-

71 1809 135 1862 cula
145 1810 300 1861 Geldubam
311 1809 472 1877 atque'inde
483 1809 634 1860 Noresium
645 1811 791 1861 eoueessit.
815 1807 816 1812 ’
828 1807 872 1858 Ci-
933 1833 942 1848 x

70 1878 137 1928 vilis
147 1880 221 1944 capit
232 1878 396 1931 Geldubam.
431 1879 515 1940 Mox,
534 1877 610 1928 hand
644 1877 723 1928 roeul
737 1876 870 1939 Noresio,

72 1947 598 2014 equestriproelioprospereoertavit.
638 1945 870 1998 edmilesseoun-

71 2015 115 2065 dis
127 2015 308 2082 adversisque
324 2015 441 2082 perinde
451 2017 480 2064 in
491 2016 609 2066 exitium
620 2011 727 2076 Ducum
739 2013 870 2067 accende·

70 2083 163 2133 batur.
185 2085 236 2138 ,Et
255 2083 376 2136 adventu
398 2085 596 2150 quintanorum
615 2083 870 2150 quintadecimano-

13 2197 15 2199 .
70 2165 190 2218 rumque
201 2157 298 2202 anetae
309 2154 447 2220 legiones,
458 2153 612 2204 donativum
622 2158 786 2218 exposcunt,
799 2165 870 2202 oom-

69 2224 164 2287 perto‚
174 2222 320 2285 pecuniam
331 2237 348 2271 a
360 2221 382 2270 V
383 2221 473 2273 itellio
483 2222 606 2272 missam.
634 2220 693 2272 Nee
703 2221 750 2270 diu
758 2223 870 2270 cuncta·

71 2296 118 2338 tus
137 2287 319 2339 Hordeonius
338 2293 452 2340 nomine
470 2288 644 2358 Vespasiani¹
656 2288 742 2339 dedit.
762 2293 765 2309 '
782 2286 871 2352 quue

69 2358 250 2424 praecipuum
259 2354 314 2408 fuit
322 2358 472 2409 'seditionis
483 2358 655 2410 alimentum.
690 2353 781 2408 Effusi
791 2355 820 2404 in
831 2355 871 2404 lu·

69 2439 138 2477 xum
148 2434 177 2476 et
188 2425 294 2493 epulas,
305 2431 335 2476 et
340 2433 497 2478 nocturnos
508 2432 615 2489 coetus,
624 2425 790 2479 veteremin
797 2423 871 2474 Hor·

4 2541 5 2544 ,
69 2495 285 2546 deoniumiram
296 2503 440 2559 renovant.
459 2496 578 2548 neeulio
589 2496 761 2562 Legatorum
771 2491 870 2544 Tribu·
895 2559 896 2563 Ἰ

4 2584 5 2601 .
68 2576 205 2616 norumve
218 2565 358 2616 obsistere
373 2579 455 2626 auso,
475 2565 588 2633 (quippe
603 2577 715 2619 ¹omnem
734 2561 870 2628 pudorem

4 2650 5 2654 ¹
70 2649 127 2688 nox
138 2634 294 2698 ademerat)
303 2640 479 2704 protractum
490 2649 506 2688 e
517 2633 602 2688 eubiii
612 2629 793 2686 interficiunt.
817 2627 871 2686 Ea·
895 2698 900 2704 η
