2034 3025
167 103 219 156 288
263 99 373 156 lVLll
391 85 531 150 nonio.
548 93 650 150 VITA
668 89 752 146 GAP.
770 87 870 143 3138.
900 75 911 90 ’

172 161 966 192 ,,,,,,,-.....-.....-..-.-.-----·

139 269 142 277 Ι
167 204 312 274 Agricola,
325 206 452 270 quatuor
467 200 593 264 equitum
609 196 683 258 alas,
702 193 738 244 ad
748 193 842 244 subita
850 191 966 251 bollire·

167 280 273 336 tentas,
282 268 462 324 venientibus
473 265 663 332 opposuisset,
673 267 837 330 quantoque
847 259 968 313 lerooius

167 345 361 401 accurrerant,
380 341 461 388 tanto
477 335 569 391 acrius
582 332 679 400 pulsos
694 334 723 380 in
741 329 836 405 lugam
847 329 971 380 disiecis-

168 418 223 466 sot.
259 412 304 463 lto
322 407 469 460 consilium
484 403 687 454 Britannorum
703 400 733 449 iu
749 401 826 465 ipsos
845 413 969 449 uersum:

169 484 401 544 transvectaeque
416 476 567 540 praecepto
577 469 666 521 Ducis
681 485 699 520 a
713 467 808 520 fronte
826 469 971 534 pugnanti·

161 563 216 606 'um
227 551 299 612 alae,
309 559 434 599 aversam
445 542 567 594 bostium
577 540 668 590 aciem
677 539 816 588 invasere.
826 537 900 587 'l'um
907 550 971 586 uero

170 619 332 689 patentibus
343 614 413 666 locis
424 607 529 680 grande
541 613 572 658 et
580 612 665 658 atrox
674 605 875 674 spectaculum:
887 605 971 672 sequi,

171 691 328 748 vulnerare,
344 697 443 750 capere
454 685 540 746 atque
550 675 674 738 eosdem,
694 675 797 725 oblatis
807 674 884 736 aliis,
894 675 972 724 truci·

130 803 134 809 .
171 759 248 811 dare.
283 757 341 808 lam
361 751 493 810 hostium,
513 751 598 814 prout
616 747 717 812 cuique
737 743 885 810 ingenium
908 749 971 803 erat,

172 833 303 880 catervae
324 824 496 872 murator-um
516 815 697 882 paucioribus
715 819 799 878 terga
819 817 973 878 praestare,

79 910 84 925 ¹
173 893 286 964 quidam
308 891 431 940 inermes
451 886 528 936 ultro
547 899 643 945 ruere,
664 897 697 933 ac
711 896 742 933 se
759 882 845 937 morti
866 879 974 932 offerre.

171 963 283 1016 Passim
303 971 380 1010 arma
396 962 425 1006 et
440 969 561 1020 corpora
574 958 603 1004 et
616 953 703 1003 laceri
711 949 803 1002 'artus
820 954 851 1000 et
862 955 976 1001 cruenta

172 1031 287 1086 humus:
300 1033 330 1080 ct
340 1023 491 1093 aliquando
499 1023 585 1074 etiam
594 1023 677 1073 victis
685 1023 730 1071 ira
740 1020 898 1085 virtusque.
909 1024 978 1086 post·

174 1117 258 1173 quam
274 1099 352 1152 silvis
369 1095 648 1162 adpropinquarunt,
667 1089 800 1150 conlecti,
818 1089 933 1154 primos
943 1103 980 1137 se·

175 1171 336 1242 cluentium,
355 1166 484 1216 incautos
496 1167 531 1223 ,et
546 1160 671 1212 locorum
686 1159 813 1226 ignaros,
832 1157 981 1208 circumre-

174 1241 300 1293 niebant.
337 1235 422 1298 Quod
432 1235 462 1283 ni
471 1231 609 1297 frequens
619 1230 723 1296 ubique
732 1224 867 1294 Agricola
877 1225 983 1276 validas

175 1315 206 1362 et
217 1305 361 1375 expeditas
372 1304 515 1364 cobortes,
528 1299 670 1366 indaginis
682 1295 774 1358 modo,
789 1298 828 1356 et,
838 1295 937 1346 sicubi
948 1309 984 1343 ar·

92 1402 100 1408 ·
175 1380 267 1432 otiora
278 1382 370 1438 eraut,
388 1379 496 1442 partem
508 1372 644 1437 equitum,
659 1363 783 1437 dimissis
794 1363 887 1430 equis,
903 1361 986 1414 simul

176 1447 300 1500 rariores
320 1444 405 1496 silvas
418 1441 550 1510 equitem
572 1435 729 1504 persultare
748 1434 894 1493 iussisset,
916 1446 986 1482 acce

177 1525 255 1587 ptum
267 1512 380 1635 aliquod
389 1513 491 1565 vulnus
501 1523 552 1575 per
561 1507 677 1557 nimiam
683 1503 816 1555 ,fiduciam
828 1499 924 1553 foret.
946 1502 987 1551 Ge

177 1596 281 1651 terum,
296 1601 315 1635 u
335 1584 344 1633 i
356 1582 526 1649 compositos
535 1576 626 1628 firmis
637 1573 782 1626 ordinibus
793 1573 879 1637 sequi
890 1585 987 1623 rursus
999 1579 1001 1588 ·

177 1658 284 1718 ridere,
293 1656 323 1704 in
334 1651 430 1715 fugam
440 1650 527 1708 uersi,
537 1660 595 1696 non
605 1639 927 1709 agminibus,utprius,
947 1629 1001 1690 necl

179 1727 251 1779 alius
262 1721 565 1787 aliumrespeotarrtes,
585 1713 643 1763 rari
654 1714 685 1761 et
693 1703 840 1778 uitabuodi
857 1710 989 1776 invicem,

178 1796 335 1863 longinqua
350 1796 435 1857 atque
451 1786 514 1836 avia
529 1784 646 1849 petiere.
664 1779 729 1830 finis
740 1778 882 1845 sequendi
895 1795 961 1832 nox
970 1771 1001 1862 αἱ

181 1866 300 1917 satietas
311 1860 374 1912 fuit.
385 1870 468 1911 caesa
476 1854 601 1906 bostium
611 1850 646 1902 ad
656 1848 753 1901 decem
763 1846 868 1898 millia:
879 1855 1001 1901 nostro¹

182 1948 244 1987 rum
255 1932 374 1983 trecenti
389 1927 540 1992 sexaginta
552 1921 691 1973 cecidere:
709 1920 739 1967 in
750 1917 921 1984 quis-Aulus
932 1905 1001 1970 Atti*

182 2017 241 2064 cus,
260 1997 426 2051 Praefectus
442 1992 578 2054 cohortis,
597 1988 710 2041 iuvenili
725 1986 828 2037 ardore
842 1992 872 2038 et
885 1987 992 2041 ferocis

184 2070 249 2137 oqui
259 2067 387 2118 hostibus
398 2065 511 2126 inlatus.

121 2192 123 2197 ,
235 2134 387 2189 xxxvlu.
405 2134 443 2184 Et
454 2146 510 2183 nox
520 2128 632 2197 quidem
644 2123 747 2193 gaudio
761 2124 940 2193 praedaque
949 2128 993 2180 lae

184 2206 391 2261 torio-toribus:
409 2200 541 2253 Britanni
552 2197 690 2265 palantes,
708 2195 857 2261 mixtoque
866 2197 994 2251 virorun

184 2279 388 2341 mulierumque
409 2271 533 2340 ploratu,
554 2264 668 2318 trahere
686 2264 865 2326 vulneratos,
896 2280 996 2318 vocare

182 2348 326 2411 integros,
341 2345 472 2395 deserere
483 2338 581 2389 domos
591 2350 684 2401 acper
692 2335 763 2386 iram
773 2332 851 2397 ultro
860 2333 1001 2387 incende

182 2427 228 2463 re:
248 2414 354 2478 eligere
372 2408 497 2459 latebras
519 2410 548 2456 et
558 2406 655 2455 statim
674 2403 850 2467 relinquerer
872 2406 997 2456 miscere

182 2482 299 2530 invicem
321 2478 439 2529 consilia
458 2474 563 2539 aliqua,
583 2471 649 2523 dein
670 2484 813 2537 separare:
834 2470 998 2540 aliquando

182 2545 277 2613 frangi
290 2544 424 2609 adspectu
434 2542 583 2607 pignorum
592 2554 723 2601 suorum,
742 2540 856 2603 saepius
867 2543 1001 2596 concita-

183 2612 217 2661 ri.
237 2613 361 2675 satisque
372 2608 530 2672 constabat,
539 2608 664 2659 saevisse
673 2606 808 2674 quosdam
815 2609 846 2657 in
854 2615 1001 2681 coniuges
