2034 3025
111 118 290 175 ruamur.
307 119 489 173 cneo-e.
506 121 549 187 [A.
558 83 656 192 van}
674 123 810 194 acen]
831 127 882 181 eor

71 224 141 277 lide.
168 228 272 294 quippe
287 226 443 276 liberorum
460 227 575 293 cupiens
587 232 617 277 et
626 229 716 280 amori
726 233 823 282 uxorin
834 233 881 284 ob-

70 295 177 347 noxius
189 302 259 346 erat.
297 296 404 363 Corpus
419 310 477 347 non
491 297 552 362 igni
567 295 719 360 abolitum,
738 307 770 350 ut
780 299 880 352 Roma·

68 380 212 427 nusmoc3
240 365 306 428 red,
325 365 434 433 llegum
460 370 643 416 externorum
666 368 881 432 connsuetudiue,

11 444 20 454 “
55 442 59 448 '
69 432 217 488 differtum
230 434 364 487 odoribus
372 434 511 495 conditur,
522 431 684 500 tumuloque
695 435 830 489 luliorum
841 439 881 488 in·

33 538 38 552 ι
67 505 174 558 fertur.
209 505 319 555 Ductae
339 511 435 555 tamen
455 503 583 570 publicae
604 506 767 572 exsequiae,
786 506 881 558 lauda·
910 561 913 568 ,
996 529 1014 546 ιι

65 575 166 639 vitque
176 575 238 641 ipse
250 575 323 640 apud
333 579 429 625 rostra
432 573 555 644 sormmn
566 573 632 636 eiua,
644 581 671 624 et
681 575 752 643 quod
759 573 880 628 Divinae

65 641 190 714 infantie
201 659 304 712 parem
312 642 426 714 ficiunt,
435 643 545 710 aliaque
556 641 689 698 fortunae
698 659 818 698 munera
827 661 879 714 pro

65 714 232 766 virtutibus.
869 757 878 773 ,

123 781 184 834 Vll.
204 784 327 839 Mortem
338 782 495 851 Poppaeae,
504 789 538 834 ut
547 784 640 852 palam
650 785 773 848 tristem,
785 788 826 836 ita
835 799 879 838 re·

68 852 254 905 tardantibus
265 853 380 916 laetam,
397 855 433 905 ob
443 853 637 920 inpudicitiam
649 855 709 906 eius
720 857 880 906 saevitiam-

69 938 137 990 que,
149 937 222 972 nora
232 924 348 988 insuper
357 921 546 975 invidiaNcro
558 923 717 991 complevit,
728 923 879 990 prohiben-

69 991 107 1043 do
118 993 148 1041 ὓ.
156 993 284 1061 Cassium
295 990 386 1044 offitio
398 992 604 1060 exsequiarum.
623 992 698 1060 quod
707 994 828 1060 primum
838 995 880 1044 in·

69 1061 175 1113 dicium
185 1062 264 1112 malit
282 1076 374 1127 neque
384 1056 414 1110 in
425 1061 542 1128 longum
553 1061 670 1112 dilatum
687 1068 740 1114 ert.
769 1061 825 1114 Sed
836 1062 878 1114 Si-

69 1128 153 1201 lanup
164 1131 290 1182 additur:
309 1129 387 1182 nullo
399 1132 526 1192 crimine,
543 1131 598 1181 nisi
608 1129 683 1198 quod
695 1131 810 1184 cassim
822 1134 879 1200 opi-

69 1201 123 1252 bus
132 1203 253 1252 vetustis
265 1207 295 1253 et
305 1201 446 1269 gravitate
456 1215 574 1262 urorum,
585 1199 697 1253 Silanus
708 1200 878 1252 claritudine

70 1271 187 1338 generis
202 1277 232 1322 et
242 1272 373 1323 modesta
386 1273 510 1332 iuventa,
531 1269 749 1337 praecellebant.
785 1271 879 1338 Igitur

68 1339 204 1403 missaad
214 1339 349 1405 Senatum
360 1342 500 1400 oratione,
519 1338 716 1390 removendam
727 1337 876 1405 Republica

69 1417 208 1472 utrosque,
220 1406 367 1459 disseruit:
386 1409 594 1474 obiectavitque
602 1407 713 1470 rOresio,
725 1409 797 1472 quod
805 1408 878 1459 inter

69 1476 207 1546 imagines
220 1477 353 1529 mamm
369 1475 451 1528 etiam
464 1473 495 1526 G.
508 1473 598 1527 Coreli
610 1472 733 1543 effigiem
742 1476 878 1539 calcitret,

68 1550 112 1601 ita
129 1546 305 1613 irrreriptcm:
322 1543 411 1596 DVX
426 1542 619 1597 PARTIVM.
658 1544 762 1613 Quippe
777 1546 878 1599 semiue

68 1616 133 1682 belli
150 1615 238 1668 cicilia
252 1625 282 1667 et
301 1615 478 1687 desectionem
488 1630 506 1666 a
517 1615 591 1667 donec
607 1612 756 1667 Caeterum
774 1615 878 1684 quaeri·
910 1616 912 1622 '

69 1698 136 1740 tam.
172 1685 228 1751 Ae,
243 1703 276 1737 ne
286 1684 415 1737 memoria
426 1692 534 1736 tontum
543 1684 572 1737 in
589 1684 770 1737 caticuminis
781 1684 818 1736 ad
826 1685 879 1735 die·

69 1756 177 1809 cordiae
196 1765 335 1819 uteretur,
356 1754 533 1821 adrumprirre
579 1753 736 1817 ,Silanum
756 1754 877 1807 iuvenem
909 1812 912 1817 ,

66 1843 168 1895 genere
177 1825 306 1892 nobilem,
322 1825 607 1894 animopraeruptum,
628 1823 789 1893 quemnovir
799 1824 877 1876 redae

69 1903 228 1948 ostentaret.
356 1941 368 1956 ,

85 2017 89 2022 ,
121 1964 196 2017 Vlll.
219 1966 314 2033 Ipsum
334 1963 436 2030 dehinc
453 1964 581 2019 Silanum
600 1965 743 2035 increpuit
764 1964 877 2029 iisdem,

70 2035 172 2103 quibus
182 2040 313 2102 patruum
323 2039 385 2090 eius
394 2038 585 2103 Torquatum,
603 2042 746 2101 ,tamquam
756 2034 878 2103 dispone·

70 2103 179 2155 retiam
189 2103 303 2171 Imperii
311 2121 407 2167 curae,
421 2104 636 2174 praeficeretque
647 2104 799 2157 rationibus
810 2114 837 2156 et
848 2104 878 2155 li-

70 2172 144 2224 bellis
154 2181 181 2224 et
191 2174 310 2237 epistolia
320 2174 444 2230 libertos.-
461 2174 559 2224 inania
570 2173 654 2225 simul
663 2173 784 2225 et-falsa.
812 2190 878 2226 nam

70 2238 182 2312 Silanus
198 2244 339 2298 intentior
355 2249 432 2294 metu
445 2248 475 2293 et
486 2244 576 2296 exitio
587 2243 693 2310 ‘patrui
710 2242 746 2295 ad
764 2258 878 2310 praeca·

68 2312 188 2362 rendum
200 2314 355 2363 exterritus
367 2317 437 2363 erat.
475 2310 587 2363 luducit
602 2310 730 2379 posthac,
740 2312 877 2365 vocabule

68 2380 201 2443 indicum,
214 2382 260 2446 qui
270 2382 300 2430 in
312 2379 456 2448 Lepidam,
468 2380 559 2431 Cassii
568 2380 699 2443 uxorem,
710 2378 799 2431 Silani
810 2375 879 2432 umi-

69 2454 135 2513 tam‚
145 2451 279 2514 incertum
289 2465 349 2501 cum
354 2449 461 2521 fratria
464 2448 528 2517 filio
535 2457 563 2502 et
573 2449 645 2501 diros
655 2464 792 2502 sacrorum
804 2450 877 2503 ritae

69 2522 271 2587 contingerent
308 2518 519 2582 Trahebantur,
539 2524 573 2570 ut
588 2520 708 2582 conscii,
728 2518 877 2572 Vulcatius
901 2536 904 2540 ·
961 2530 964 2547 ’

68 2589 198 2640 Tullinus
209 2604 241 2639 ac
252 2589 404 2641 Marcellus
417 2589 576 2652 Cornelius,
592 2588 759 2650 Senatores,
777 2597 807 2638 et
818 2588 879 2638 Cal·
925 2639 928 2644 ,

69 2660 184 2727 purnius
204 2658 344 2723 deatus,
362 2660 459 2728 Eques
476 2658 632 2743 Romanus:
653 2656 699 2727 qui
705 2693 714 2725 ‚
734 2656 878 2727 adpellato
