2034 3025
128 192 132 198 Ι
193 124 274 178 lulli.v
288 125 310 176 l.
329 122 411 184 CAP.
430 121 474 176 ³6.
491 119 535 175 3⁷,
553 121 833 191 [A.v.823.n.c.7c.]
886 124 921 178 23

118 224 200 273 nibus
211 221 330 272 adeundi
341 221 433 271 locust
454 221 598 286 gregarius
613 220 693 269 miles
705 221 796 269 careri
805 222 920 286 insuper

118 292 291 358 praepositos
302 289 422 340 iubebat.
461 285 591 353 Strepere
601 291 702 338 cuncte
712 286 880 338 clamoribus
890 297 920 342 et

119 359 241 412 tumultu
252 363 280 410 et
291 356 485 409 exhortatione
495 361 603 417 mutua,
613 369 669 406 non
679 360 820 422 tamquam
831 357 860 406 in
870 371 919 423 po·

119 427 184 496 pulo
196 443 229 478 sc
239 426 331 493 plebe,
348 427 432 476 vuriis
446 427 524 491 segni
539 423 700 475 adulatione
714 425 843 486 vocibus,
859 426 918 488 sed,

117 503 149 547 ut
159 511 294 564 quemque
305 493 485 546 adfluentium
495 493 615 542 militum
625 493 819 559 adspexerant,
838 507 918 560 pren-

116 577 180 616 sare
205 563 345 626 munibus,
373 562 521 628 complecti
542 563 638 624 ermis,
665 561 812 612 conlocare
832 561 918 626 iuxta,

116 633 225 701 praeire
237 636 449 691 sacromentum,
470 629 553 681 modo
563 631 764 697 Imperatorem
775 630 918 695 militibus,

117 701 201 752 modo
216 701 379 765 imperatori
395 698 497 750 milites
512 699 714 750 commendare}
749 697 807 750 Nec
820 699 919 750 deeret

118 769 208 832 Otho,
230 768 399 836 protendens
414 781 525 830 manus,
547 767 666 819 adorare
681 765 808 834 vulgum,
825 768 919 821 iacere

119 837 226 898 osculo,
246 843 274 888 et
288 838 381 888 omnia
390 836 531 888 serviliter
545 851 595 901 pro
611 835 807 887 dominatione.
840 835 918 887 Post·

118 921 200 974 quam
212 905 341 957 universa
358 904 537 956 classicorum
551 905 625 972 legio
639 909 843 956 accrementum
858 906 917 956 eius

119 974 238 1040 accepit3
256 974 345 1026 fidens
359 974 477 1036 viribus,
495 978 536 1035 et,
554 988 624 1041 quos
638 972 729 1024 adhuc
738 973 863 1041 singulos
873 987 918 1024 ex·
934 985 937 989 ’

118 1043 324 1104 stimulaverat,
342 1041 533 1094 accendendos
546 1043 576 1092 in
592 1055 738 1094 commuue
755 1049 848 1105 ratus,
865 1055 917 1110 pre

117 1111 192 1162 vallo
204 1117 357 1162 carnorum
369 1112 409 1161 ito
419 1111 523 1176 coepitr

170 1179 309 1232 xxxvii.
347 1177 414 1242 Quis
422 1178 460 1230 ad
468 1193 513 1230 nes
519 1175 702 1245 processerim,
717 1176 918 1241 commilitones,

107 1247 206 1317 ,uicere
216 1264 268 1300 non
276 1262 399 1315 possum:
411 1246 476 1320 quin
484 1263 533 1299 nee
539 1245 680 1315 priuatum
690 1246 918 1311 meusearesusti·

117 1333 174 1377 neo,
189 1315 318 1384 Princeps
329 1332 345 1367 a
355 1315 427 1366 nolis
437 1314 589 1367 nominatus
595 1331 607 1375 ,·
621 1331 668 1366 nee
678 1313 845 1382 Principem,
862 1313 919 1366 alio

118 1384 277 1450 imperante.
318 1381 442 1435 Vestrum
461 1399 562 1450 quoque
581 1397 675 1435 nomen
694 1381 724 1434 in
736 1383 841 1434 incerto
856 1382 919 1445 erit,

118 1451 199 1502 donee
214 1450 397 1514 dubitabitur,
415 1449 608 1518 Imperatorem
622 1448 722 1518 Populi
735 1449 813 1501 Rom.
832 1449 861 1502 in
876 1466 919 1501 ca·

118 1518 198 1582 stris,
216 1536 251 1571 an
266 1518 366 1572 instem
378 1518 509 1571 labentis.
546 1518 705 1582 deditisne,
723 1528 919 1587 utpoenamea

119 1597 147 1641 et
157 1586 317 1655 supplicium
327 1596 445 1639 uestrum
459 1587 541 1639 simul
552 1589 742 1655 postulentur!
758 1588 824 1640 adeo
834 1587 920 1639 mani-

83 1704 85 1707 .
112 1656 286 1730 sestumest,
302 1672 385 1723 neque
397 1656 490 1724 perire
505 1673 566 1718 nus,
582 1672 666 1725 neque
681 1658 767 1710 salnes
779 1671 846 1718 esse,
862 1654 919 1707 nisi

44 2618 67 2655 u,

50 2668 88 2727 (lu

118 1742 187 1790 una,
202 1742 287 1794 posse.
323 1724 377 1787 Et,
394 1724 471 1778 cuins
484 1725 606 1777 lenitatis
622 1734 662 1777 est
676 1726 778 1787 Galla,
794 1724 918 1795 iamscr·

118 1804 190 1847 tasse
204 1794 345 1861 promisit.-
363 1803 394 1847 ut
409 1794 467 1861 qui,
486 1796 559 1847 nullo
574 1802 747 1861 exposcente,
775 1802 817 1846 tot
831 1792 918 1846 millia

117 1862 394 1916 innocentissimorum
404 1862 521 1915 militum
531 1862 720 1916 trucidaverit.
743 1862 850 1915 Horror
859 1860 918 1914 ani·

118 1947 190 1984 mum
204 1932 288 1995 sulit,
310 1932 431 1998 quotiens
447 1932 574 1983 recordor
583 1933 701 2004 feralem
714 1931 871 1994 introitum,
890 1938 919 1982 es

117 1998 281 2053 lanceolam
296 2001 399 2053 Galbae
413 2000 569 2064 victoriam,
596 2016 670 2063 cuns,
695 2000 726 2054 in
740 1998 918 2062 oeuluurlis,
988 2029 995 2042 »

118 2068 255 2121 decumani
268 2069 370 2121 deditos
385 2068 503 2133 iuberet,
521 2085 586 2138 quos
601 2070 773 2138 deprecantes
789 2070 820 2123 in
831 2068 917 2138 fidem

117 2146 267 2205 acceperet.
303 2137 356 2189 His
366 2138 495 2206 auspiciis
504 2140 597 2190 urbem
606 2138 754 2207 ingressus,
771 2153 851 2205 quam
857 2138 918 2204 glo·
947 2164 955 2169 -

117 2205 188 2257 riam
198 2204 429 2274 arlPrincipatum
439 2208 550 2268 adtulit,
559 2206 614 2259 nisi
618 2206 698 2259 occisi
704 2206 859 2259 Obultronii
865 2204 915 2255 Sa·

118 2273 175 2327 bini
186 2283 213 2327 et
225 2272 344 2326 Cornelii
354 2274 478 2326 Marcelli
488 2276 518 2326 in
528 2274 678 2343 Hispania,
697 2274 782 2329 Betui
795 2272 915 2326 Chilonis

117 2342 146 2394 in
155 2343 256 2406 Gallia,
265 2342 374 2395 Fonteii
382 2341 521 2410 Capitonis
526 2342 554 2394 in
565 2345 721 2408 Germania,
733 2340 917 2395 Clodiiillaeri

117 2411 148 2463 iu'
157 2411 267 2479 Africa,
286 2409 414 2479 Cingonii
423 2412 452 2465 in
462 2411 517 2473 nie,
539 2410 694 2480 Turpiliani
703 2413 733 2465 in
741 2408 816 2474 urle,
825 2408 918 2479 Nym·

116 2478 204 2546 plidii
214 2480 243 2531 in
254 2479 370 2531 castris?
381 2479 457 2544 Quae
466 2496 579 2547 usquam
586 2481 736 2547 provincia,
746 2496 814 2545 puae
822 2486 916 2530 eastra

116 2558 190 2611 sunt,
201 2547 255 2601 uisi
264 2555 377 2599 cruenta
387 2557 415 2600 et
424 2550 580 2602 maculata?
589 2557 650 2613 aut,
661 2557 692 2601 ut
702 2548 758 2615 ipse
764 2546 918 2615 praedicat,

117 2616 259 2669 emendata
270 2624 296 2669 et
306 2619 445 2669 conectat
463 2616 545 2681 Nom,
563 2634 631 2686 qnae
640 2618 809 2679 aliiseelers,
823 2614 918 2666 licre·
