2034 3025
100 73 103 76 ,
127 51 181 108 300
217 111 219 114 ¹
254 13 479 122 sunan-tvm
497 49 653 116 [susm.
673 47 808 118 sams]

127 149 274 219 imaginem
282 147 418 201 retinendi
432 145 597 215 largiendive
610 160 690 212 penes
706 161 766 208 nos,
785 145 839 198 eim
849 161 937 214 penes

128 217 442 282 Particamemorauit.
460 218 497 267 Et
505 215 750 266 multuminvicem
761 214 935 282 disceptato,

128 288 304 342 Monobazus
318 286 477 339 Adiabenus
492 285 521 334 in
540 283 614 336 diem
628 291 773 351 posterum
787 287 871 338 testis
888 288 936 350 iis,

129 372 201 426 quoe
220 357 410 424 pepigissent,
431 353 590 404 adhibetur.
635 352 800 421 Placuitque
820 353 936 408 liberari

129 425 229 479 nantia
239 425 356 495 legiones
367 431 395 475 st
405 422 529 475 decedere
539 436 640 474 omnem
650 421 765 478 militem
765 421 870 490 finibus
880 423 935 476 Ar·

128 493 285 558 menioram,
304 493 467 561 castellaque
486 500 513 543 et
533 499 693 543 commentas
711 489 827 546 Parthis
847 493 933 546 tradi.

150 559 413 632 aibnspcrpetratis,
432 559 509 628 copia
525 558 648 630 Vologesi
650 560 743 632 fieret,
760 561 888 616 mittendi
897 561 936 616 ad

130 582 265 688 {leronem
275 633 387 701 legatae.

184 702 246 756 XV.
264 701 382 753 interim
400 697 508 753 flumini
529 699 665 754 Arsaniae
686 698 722 762 (is
743 705 838 752 castra
855 715 934 769 prae·

131 770 251 832 iluebat)
260 777 375 837 pontem
385 769 520 836 inposuit,
539 769 633 836 specie
643 768 697 820 sibi
708 769 777 820 illud
786 770 843 821 iter
852 785 935 839 expe·

133 839 249 892 dlentis:
270 838 320 891 sed
339 836 453 900 Parthi,
473 837 553 905 quasi
573 837 768 890 documentum
787 840 934 904 victoriae,

130 909 284 962 iusserant.
299 923 417 976 namque
428 909 462 959 iis
473 907 537 958 usui
547 905 612 959 fuit:
627 909 719 959 nostri
730 923 781 974 per
791 907 933 960 diversum

28 1021 30 1025 .
130 978 201 1030 iere.
235 975 349 1028 Addidit
358 991 468 1039 rumor,
487 974 536 1027 sub
545 975 640 1045 iagam
649 976 744 1028 rnissas
754 975 884 1046 legiones,
903 983 934 1029 et

87 1104 93 1116 Ι
133 1046 189 1098 alia
205 1061 241 1098 ex
254 1045 337 1098 rebus
351 1045 498 1110 infaustis,
519 1060 636 1112 quorum
652 1045 830 1102 simulacrum
841 1049 875 1102 ab
884 1051 934 1101 Ar·

119 1116 232 1169 'meniis
243 1121 408 1181 usurpatum
419 1122 471 1166 est.
507 1115 634 1182 Namque
656 1121 685 1168 et
704 1117 878 1168 munimenta
892 1117 933 1167 iu·

75 1226 78 1231 .
133 1185 227 1252 gressi
237 1189 315 1246 sunt,
335 1189 485 1250 antequam
500 1199 599 1252 agmen
610 1184 765 1236 Romanum
776 1187 933 1248 excederet,

133 1258 164 1305 et
174 1255 386 1306 circumstetere
396 1256 465 1316 rias,
480 1255 591 1320 captiva
600 1253 667 1304 olim
677 1243 825 1322 mancipia,
834 1260 883 1306 aut
893 1255 934 1304 iu·
970 1265 973 1273 ·

131 1328 230 1375 menta
238 1322 444 1390 adgnoscentes
455 1319 714 1392 abstrahentesque.
729 1323 837 1390 Raptae
848 1325 933 1375 etiem

130 1397 236 1455 vestes,
254 1395 368 1444 retente
384 1407 472 1456 arma,
487 1390 591 1459 ,pavido
607 1392 697 1443 milite
709 1398 737 1443 et
752 1392 934 1457 concedente,

56 1493 57 1496 =
132 1475 168 1513 ne
180 1475 235 1530 qua
244 1461 343 1529 praelii
353 1475 452 1515 caussa
462 1463 623 1515 exsisteret.
657 1461 829 1530 Vologeses,
848 1463 934 1516 araris

133 1535 162 1583 et
172 1532 335 1599 corporibus
347 1545 493 1585 caesorum
503 1530 680 1603 adgregatis,
703 1546 756 1601 quo
768 1532 872 1583 cladem
883 1547 934 1584 no·

127 1605 221 1652 stram
241 1606 409 1665 testaretur,
427 1602 489 1653 visu
504 1600 673 1669 fugientium
691 1600 833 1667 legionum
848 1602 934 1653 absti-

106 1700 109 1703 -
133 1670 204 1721 nuit.
238 1668 326 1737 Fama
343 1669 546 1719 moderationis
566 1670 767 1737 quaerebatur,
786 1675 934 1739 postquam

132 1738 292 1803 superbiam
304 1733 473 1801 expleverat.
498 1734 617 1789 Flumen
628 1740 772 1791 Arsaniam
784 1738 933 1807 elephanto

132 1806 272 1872 insidens,
291 1808 321 1856 et
335 1804 480 1871 proximus
500 1804 618 1871 quisque
632 1808 739 1873 Regem
754 1808 782 1858 vi
799 1823 933 1877 equorum

132 1888 295 1940 perrupere,
316 1874 660 1940 quiarumorincesserat,
678 1882 935 1941 pentemcessarnm

133 1942 208 1994 anari
222 1944 280 1995 data
289 1940 500 2013 fabricantium.
529 1940 579 1992 sed
594 1942 641 2008 qui
655 1944 767 2013 ingredi
782 1947 843 1999 ausi
858 1954 935 2014 suut,

132 2011 254 2067 calidum
264 2018 295 2063 et
307 2010 393 2064 lidum
403 2010 579 2065 intauesere.
850 2048 856 2059 .

186 2080 261 2134 XVI.
280 2080 410 2131 Ceterum
421 2080 544 2148 obsessis
555 2080 626 2133 adeo
637 2081 861 2151 suppeditavisse
872 2100 933 2139 rem
975 2080 977 2085 ’

133 2148 347 2202 frumentariam
358 2149 495 2213 constitit,
504 2153 538 2204 ut
548 2148 658 2203 horreis
668 2152 760 2218 ignem
770 2154 933 2209 iniicerent:

46 2234 48 2242 ·
134 2226 286 2287 contraque
297 2216 452 2284 prodiderit
463 2220 594 2281 Corbulo,
614 2218 736 2272 Partlaos
745 2221 836 2289 inopes
846 2224 935 2292 eopia·

124 2304 204 2353 ,raam
219 2297 246 2341 et
253 2287 353 2357 pabulo
363 2287 482 2352 adtrito„
491 2286 632 2341 relictores
642 2292 876 2359 oppugnationem,
889 2312 935 2349 ne·

133 2371 184 2427 qus
197 2375 225 2411 se
240 2360 303 2425 plns
322 2356 408 2411 tridni
422 2356 520 2409 itinere
535 2357 663 2430 abscisse.
698 2359 816 2425 Adiecit,
835 2360 934 2416 iureiu-

134 2428 218 2481 rando
228 2426 309 2479 Paeti
318 2438 430 2481 cantum
439 2429 514 2495 apad
521 2426 610 2495 signa
625 2428 796 2487 adstantibus
806 2430 851 2495 iis,
865 2432 937 2497 qrsad

134 2496 303 2567 testificando
313 2494 375 2551 lien
389 2496 518 2559 misisset,
537 2497 667 2549 nensinem
680 2495 831 2552 Ronlanum
841 2500 933 2553 Arnea-

132 2565 206 2621 m‘am
226 2566 424 2637 ingressuram,
445 2566 525 2621 donec
540 2565 710 2639 referrentur
725 2566 834 2621 litterae
849 2567 933 2621 Nero·
