2034 3025
39 150 44 159 ’
145 145 199 202 104
267 141 494 198 ANNnlem
514 141 678 214 [A..v..785..
690 145 721 196 Δ.
733 143 826 212 osu]

143 259 211 308 tatis
225 253 431 306 revincebatur-s
452 253 542 322 iisque
556 252 733 315 instantibus,
753 251 788 303 ad
797 253 953 319 impetato-

102 331 106 338 '
142 340 203 394 rem
218 324 386 391 provocarit.
414 337 466 372 nec
476 321 564 372 multo
579 327 644 387 post
654 322 766 374 litterae
778 321 955 388 adserantur,

144 395 251 462 quibus,
261 395 290 444 in
300 391 411 450 modum
422 389 601 453 defensionis,
620 394 739 457 repetito
749 390 823 443 iuter
833 407 860 442 se
870 400 956 457 atque

146 463 255 516 Cottum
275 459 414 513 ausicits's'se
428 459 580 527 principio,
604 461 758 526 crebrisque
778 459 836 511 eius
855 460 955 527 officiis

40 541 42 547 ’
145 529 380 590 commersrorutis,
390 529 522 580 vueuerbu
533 543 619 594 praue
629 530 752 592 detorta,
770 529 957 582 usucoues'eu·

143 602 211 654 lium
225 599 389 671 fututurum
403 596 562 663 simplicitas
576 597 607 652 s'u
621 598 885 661 admonuissemus,
906 613 956 666 po·

145 670 267 720 stulavit.
303 667 415 733 insigne,
428 667 517 718 risum
534 671 578 718 est
593 681 689 718 aarum
705 669 831 735 Caesaris
847 667 956 720 littera·

48 775 50 778 -
88 787 90 794 ,
146 753 209 791 rum
219 735 335 786 initium.

199 807 248 859 Vl.
267 804 338 856 Nam
348 801 391 854 his
401 802 493 854 verbis
503 816 618 856 exorsus
630 808 696 859 ests,
705 802 780 867 Quid
787 802 903 856 scribam
913 819 958 858 so·

146 875 200 937 bis,
219 873 251 926 P.
265 872 294 924 0.
304 881 356 924 ssut
366 872 493 938 quorrsodo
503 872 632 936 scritum,
652 881 703 924 uut
712 873 780 939 quid
787 872 895 926 omniuo
904 890 958 926 uoss

145 943 263 998 scribam
271 940 320 992 troc
331 951 462 1009 tempore,
484 939 586 1002 Dis‘fuse
595 939 725 1013 Deaeque
737 941 817 1008 pes'us
827 943 957 1009 perdunt,

145 1029 228 1080 quum
234 1011 327 1079 perire
336 1027 377 1062 uu
386 1010 504 1079 quotidie
515 1011 609 1073 sentio,
618 1010 643 1061 ss'
652 1011 716 1064 seio.
744 1011 821 1063 rldeo
832 1007 958 1062 facinora

147 1089 232 1152 atque
251 1081 357 1149 flagitia
376 1096 427 1131 sua
446 1083 497 1147 ipsi
517 1096 628 1149 quoque
643 1082 672 1133 in
688 1081 852 1147 supplicium
867 1085 957 1134 verte·

146 1158 221 1205 rant.
257 1151 353 1219 Neque
363 1148 467 1202 frastra
482 1151 738 1217 praestantissimus
747 1152 900 1217 sapientiae
911 1151 957 1201 iir-

146 1235 225 1274 mare
235 1221 336 1271 solitus
347 1225 401 1282 est,
422 1222 445 1270 si
455 1219 830 1287 recludanturtyrannorum
840 1223 957 1282 mentes,

146 1305 229 1359 posse
245 1288 349 1354 adspici
365 1288 486 1342 laniatus
503 1294 533 1341 et
546 1290 633 1353 ictus3
654 1290 773 1358 quaudo,
792 1296 826 1341 ut
840 1299 958 1355 corpora

146 1360 318 1422 verberibus,
327 1359 509 1426 itasaevitla„
517 1359 641 1423 libidine,
652 1360 733 1411 malis
744 1359 888 1422 consultis,
898 1357 957 1408 ani-

147 1444 209 1481 mus
221 1429 398 1481 dilaceretur.
426 1427 529 1496 quippe
538 1429 683 1482 Tiberium
693 1445 749 1481 non
759 1428 886 1490 fortuna,
899 1440 958 1477 non

148 1499 313 1557 solitudines
325 1499 518 1566 protegebant,
528 1492 743 1569 quintormenta
751 1500 872 1568 pectoris
881 1510 959 1549 suas·

149 1586 204 1639 que
214 1572 272 1637 ipse
282 1583 386 1636 poenas
396 1568 553 1621 fateretur(

202 1639 261 1691 Vll.
280 1640 366 1699 Tum,
382 1636 457 1689 iacta
472 1638 600 1691 Patribus
614 1642 753 1705 potestate
766 1636 908 1688 statuendi
923 1634 960 1689 de

150 1706 305 1763 Caeciliano
324 1706 471 1769 deuotus-e,
491 1707 543 1774 qus·¹
553 1708 674 1777 plurimu
694 1708 833 1758 adeersum
848 1703 962 1756 Cottum

148 1775 480 1845 prompserat„placitum,
491 1777 602 1828 eundem
607 1788 723 1841 pecuum
733 1772 866 1842 inrogari,
877 1788 962 1840 quam

147 1846 179 1901 iu
189 1844 334 1897 Aruseium
345 1852 374 1895 et,
384 1842 571 1910 Senectutem,
589 1850 761 1896 accusatores
771 1843 805 1895 L.
818 1841 963 1896 Arruntii.

150 1930 205 1984 quo
215 1928 271 1967 non
282 1913 359 1967 aliud
370 1911 599 1965 honorificentius
610 1913 710 1965 Cottae
726 1914 832 1977 evenit3
853 1914 900 1980 qui
911 1909 963 1964 n'o-

148 1985 212 2037 bilis
222 1984 346 2053 quidem,
364 1982 415 2033 scd
431 1996 516 2049 egens
527 1983 562 2035 ob
572 1982 682 2045 luxum,
701 1998 753 2049 per
765 1981 874 2050 flagitia
888 1981 962 2051 inia-

148 2054 211 2115 mis‚
231 2050 411 2102 sanctissimis
425 2052 549 2104 Arruntii
570 2052 677 2106 artibus
692 2050 828 2121 dignitate
842 2052 960 2104 ultionis

149 2121 329 2189 aequabatur.
365 2120 484 2183 Quintus
495 2120 632 2174 Samaeos
643 2121 767 2189 posthac,
782 2128 812 2175 et
822 2122 961 2174 Minutius

148 2190 288 2245 Thermus
308 2190 436 2243 inductit-
453 2189 606 2256 Servaeus,
627 2192 766 2245 Praetura
785 2192 910 2255 iunctus,
930 2196 961 2243 et

148 2260 288 2329 quondam
295 2260 453 2313 Germanioi
465 2276 572 2316 comest
584 2263 730 2326 Minucius,
740 2263 872 2331 Equestri
882 2261 960 2327 loeo}

148 2329 274 2383 modeste
285 2330 382 2383 habita
393 2328 486 2383 Seiani
501 2333 637 2384 amicitias
658 2334 732 2385 unde
746 2332 802 2384 illis
813 2329 961 2383 maior-ml-

148 2402 262 2453 seratio.
282 2406 381 2453 eontra
391 2400 701 2471 Tiberius,'praecs‘puos
712 2402 859 2455 adsedere
869 2403 958 2451 incre·

61 2501 65 2509 ι
147 2484 230 2538 pana,
250 2470 397 2523 admonuit
411 2471 440 2523 C.
452 2470 574 2527 Cestium
589 2479 712 2540 patrem,
733 2473 821 2525 dicere
832 2468 970 2534 decumis

147 2540 279 2606 quaesibi
298 2539 464 2610 scripsisset:
483 2545 661 2613 suscepitque
676 2544 784 2596 Cestius
805 2540 958 2594 accusatio·

146 2624 219 2665 nem.
249 2612 324 2683 quod
343 2613 464 2665 maxime
485 2614 627 2667 exitiabile
647 2614 738 2668 tulere
754 2612 806 2664 illo
822 2615 959 2676 tempora,

146 2694 208 2735 oum
218 2686 355 2752 pransores
366 2681 486 2738 Senatus
494 2686 605 2740 intimas
613 2687 699 2741 etiam
709 2682 866 2739 deusone
872 2691 961 2738 exer.
