2034 3025
64 156 211 211 ninus.
226 154 420 210 consuto.
438 156 483 225 [n.
495 156 602 214 von.
619 158 758 229 n.c.70.]
777 158 827 215 ns

27 262 66 313 nd
73 261 195 311 Primum
206 265 235 311 et
244 260 347 312 Varum
360 259 452 311 media
465 261 654 325 scriptitabat,
673 262 828 315 instandum

27 328 142 396 coeptis,
171 334 220 381 out
233 344 332 379 rursus
346 328 492 381 cunctandi
509 328 646 381 utilitates
665 332 828 393 edisserent,

27 405 114 465 atquo
128 399 169 447 ite
184 400 368 463 compositus,
396 402 429 447 ut
442 412 478 448 ex
492 403 594 448 eventu
609 413 702 450 rerum
712 400 830 453 adverso

28 468 179 529 abnueret,
207 467 253 517 rel
266 480 399 531 prospers
419 472 592 533 agnosceret.
628 467 829 518 Plotium-Gri-

26 534 128 603 pbum,
152 549 240 602 nuper
250 535 285 585 nb
294 535 464 601 Vespasiano
474 536 504 585 in
516 534 692 586 Senatorium
703 537 827 587 ordinem

26 604 171 665 additum,
198 618 231 654 ac
245 602 348 668 legioni
362 605 565 669 praepositum,
594 609 755 671 ceterosque
775 605 828 655 sibi

26 672 110 733 fidos,
130 674 253 735 apertius
263 672 380 721 monuit.
413 670 491 739 lique
502 686 612 735 omnes,
631 673 666 724 de
676 673 829 724 festinatio·

26 757 64 792 ne
75 740 162 793 Primi
173 754 210 803 ac
216 740 284 792 Vari
295 740 422 801 sinistre,
448 746 478 791 et
487 739 617 792 Muciano
627 742 763 804 volentis,
785 756 829 793 re·

26 808 173 874 scripsere.
210 807 455 875 Quibusnpistolis
465 808 639 874 Vespasiano
653 811 759 872 missis,
789 808 829 860 ei·

25 878 149 938 feceret,
177 880 210 927 ut
228 891 284 927 non
298 890 412 944 prospe
426 878 539 928 Antonii
560 878 677 931 consilis
697 877 827 947 famaque

26 946 89 999 eius
99 946 319 997 aestimarentur.

78 1012 152 1065 Llli.
169 1015 259 1080 Aegre
268 1014 296 1064 id
306 1015 364 1080 pati
373 1012 519 1075 Antonius,
529 1019 558 1064 et
567 1012 674 1079 cuipam
685 1014 713 1063 in
724 1012 828 1065 Mucia·

25 1082 246 1145 numconferre,
276 1084 356 1131 cuius
366 1082 603 1132 criminationibus
613 1082 773 1133 eviluissent
782 1096 828 1147 pe·

25 1150 186 1204 riculasue„
220 1166 273 1202 nec
282 1149 455 1201 sermonibus
464 1149 651 1214 temperabat,
676 1150 829 1201 inmodicus

24 1221 136 1287 lingua,
165 1223 194 1270 et
210 1220 334 1285 obsequii
350 1217 480 1270 insolens.
517 1217 626 1268 litteras
637 1216 672 1268 sd
682 1218 829 1285 Vespasia·

25 1304 97 1339 num
106 1290 273 1354 composuit,
293 1289 440 1338 iactantius
451 1301 533 1353 equam
545 1287 579 1336 nd
591 1287 757 1352 Principem,
776 1300 829 1337 neo

25 1360 88 1409 sine
100 1356 209 1406 occulta
219 1358 247 1405 in
258 1356 416 1406 Mucianum
428 1354 624 1405 insectatione:
653 1369 681 1405 se
690 1353 829 1405 Pannoni·

25 1441 74 1479 cas
85 1426 108 1475 le
128 1422 200 1475 iones
209 1423 239 1474 in
248 1438 326 1487 arma
336 1423 437 1490 egisse:
451 1421 507 1473 suis
518 1421 634 1472 stimulis
645 1421 746 1473 excitas
756 1420 829 1472 Moe·

24 1493 85 1546 siae
125 1506 198 1555 ures:
215 1506 265 1542 sua
275 1490 429 1544 constantia
438 1497 586 1558 perruptas
596 1490 691 1558 Alpes,
719 1502 829 1556 occupa·

25 1573 85 1616 tam
96 1559 222 1622 Italiam,
240 1559 390 1625 intersepta
404 1561 600 1611 Germanorum
610 1559 829 1624 Rboetorumqne

25 1627 143 1684 auxilia.
165 1626 251 1691 'Quod
259 1627 391 1679 discordes
401 1627 583 1695 dispersasque
599 1625 702 1678 Vitellii
712 1626 829 1696 legiones

25 1696 147 1764 equestri
158 1698 291 1778 procella,
317 1712 379 1748 mos
389 1696 510 1764 peditum
520 1697 560 1760 ai,
579 1713 629 1764 per
637 1696 706 1747 diem
714 1705 829 1748 nomem·

26 1783 88 1836 que,
101 1766 233 1838 fudisset,
250 1764 533 1832 idpulclerrs'muuset
544 1765 587 1816 sui
597 1764 691 1832 aperis.
730 1763 828 1816 Casum

28 1835 176 1888 Cremonae
186 1835 252 1886 bello
262 1833 449 1901 inputandum.
469 1834 572 1885 maiore
584 1834 689 1895 damno,
707 1833 828 1900 plurium

6 1935 10 1941 ·
26 1903 136 1955 urbium
145 1903 266 1966 excidiis,
280 1912 383 1969 ueteres
392 1901 489 1954 cisium
499 1903 645 1954 discordias
654 1901 829 1968 Reipublicae

24 1972 139 2025 stetisse.
176 1971 239 2024 Non
249 1989 276 2024 se
286 1971 399 2034 nuntiis,
416 1986 499 2039 neque
510 1971 638 2038 epistolis,
653 1971 699 2022 sed
707 1986 789 2022 muru
801 1978 828 2022 et

25 2041 111 2093 armis
120 2039 283 2107 Imperatori
293 2056 340 2091 suo
349 2039 478 2091 militare.
509 2057 593 2108 neque
605 2037 713 2106 afficere
720 2039 831 2106 gloriae

25 2124 133 2169 eorum,
161 2109 208 2175 qui
220 2108 314 2160 Asiam
323 2107 434 2160 interim
448 2108 650 2177 composuerint.
685 2108 740 2160 illis
754 2107 828 2160 Moe·

25 2176 85 2229 siae
93 2191 202 2243 pacem,
219 2176 271 2228 sibi
279 2179 393 2228 salutern
402 2176 628 2246 securitatemque
639 2177 752 2242 ltaliae,
770 2177 838 2228 car?

25 2245 56 2297 di
60 2244 159 2316 juisse.
183 2244 246 2296 duis
256 2244 489 2297 exhortationibus
501 2247 608 2300 Gallias
618 2245 827 2314 Hispaniasque,

24 2312 219 2366 validissimam
229 2323 365 2366 terrarum
372 2322 494 2381 persen,
516 2315 554 2367 ad
566 2313 757 2382 Vespasianum
766 2329 827 2365 con·

24 2398 126 2435 uersas.
163 2381 218 2434 ded
225 2383 348 2435 cecidisse
361 2381 391 2435 in
400 2383 514 2436 inritum
523 2383 638 2446 labores,
664 2385 689 2436 si
700 2381 826 2450 praemiss

1 2506 5 2515 ,
24 2451 207 2522 periculorum
216 2451 267 2504 soli
276 2454 468 2518 adsequantur,
477 2452 525 2521 qui
530 2453 660 2520 periculis
670 2469 721 2505 non
731 2451 826 2522 adsue·
898 2517 902 2522 .

7 2551 11 2559 ·
23 2521 89 2574 rint.
109 2519 168 2572 Nec
177 2520 304 2572 fefellere
315 2535 350 2572 ce
358 2522 528 2572 Mun-ionum.
546 2522 611 2572 inde
623 2537 720 2590 grnves
731 2519 825 2570 simul·

23 2595 111 2642 tutes:
141 2604 210 2657 quas
218 2584 354 2643 Antonius
368 2591 529 2657 simplicius,
559 2591 704 2644 Mucianus
715 2588 825 2652 collide,

23 2673 112 2728 eoque
119 2659 314 2727 inplacabilius
324 2661 474 2714 nutriebat.
