2034 3025
98 55 100 58 ’
199 78 255 130 on
275 77 504 132 eaananrn
525 78 612 132 car.
629 48 725 132 nsi.
812 38 874 133 251*

115 177 176 228 XX.
194 178 225 228 ln
236 173 313 227 omni
324 176 407 227 domo
418 177 484 227 nndi
495 191 528 226 ac
537 176 654 239 sordidi,
674 178 703 226 in
714 177 766 227 hos
777 181 868 242 amus,

64 245 312 312 inhaoccorpora‚
340 259 412 314 quae
423 247 573 308 miramur,
599 248 775 298 excrescunt.
810 243 869 300 Sua

64 329 198 384 quemque
210 321 300 366 nsoter
310 316 443 366 uberibus
455 315 521 378 alit,
548 329 600 365 nec
610 315 720 366 ancillis
736 329 769 364 ac
778 318 869 367 nutri·
901 367 903 371 ,

64 385 140 436 cibus
151 384 328 450 delegantur.
365 383 517 436 Dominum
531 399 564 434 ac
579 399 690 435 servum
706 381 790 435 nullis
801 385 867 438 edu·

63 454 180 510 cationis
191 453 298 504 deliciis
309 451 466 520 dignoscas.
502 453 581 506 inter
591 453 688 504 eadem
700 466 816 519 pecora,
836 457 868 507 in
905 480 917 506 .-

63 522 158 574 eadem
171 521 254 573 humo
266 520 383 589 degunt:
404 522 493 574 donec
503 528 582 574 aetas
592 527 707 589 separet
716 523 867 587 ingenuos,

61 594 151 642 virtus
163 596 306 656 agnoscat.
334 591 406 643 Sera
415 594 549 644 inversum
558 591 668 655 Venus3
688 605 777 658 eoquo
788 592 867 644 inex·

62 659 163 712 hausta
172 659 314 726 pubertas.
351 676 403 712 noc
412 662 538 729 virgines
548 660 737 722 festinantur3
766 661 866 714 eadem

60 731 187 792 iuventa,
215 729 314 782 similis
335 733 500 796 proceritas.
537 745 620 797 pares
635 729 800 796 validaeque
814 730 868 782 mi-

61 802 184 861 scentur,
204 800 349 852 acrobora
358 807 507 866 parentam
517 800 600 852 liberi
611 798 748 852 referunt.
781 799 867 854 Sora·

61 881 123 919 rum
132 867 200 920 filiis
210 867 284 920 idem
295 869 368 936 apud
373 870 551 932 avunculum,
561 870 609 938 qni
619 868 808 936 apudpatrcm
815 865 866 922 ho·

61 951 122 989 nor.
146 935 265 1000 Quidam
276 940 447 990 sanctiorem
458 941 664 1005 arctioremque
675 935 750 989 hunc
760 947 866 992 nexunt

59 1008 209 1076 sanguinis
225 1008 414 1069 arbitrantur,
444 1012 474 1058 et
490 1009 519 1058 in
535 1008 703 1074 accipiendis
719 1007 866 1060 obsidibus

24 1137 25 1140 Ἴ
58 1078 152 1144 magis
166 1076 299 1142 exiguum
328 1080 470 1142 tamquam
485 1077 505 1126 ii
517 1084 547 1125 ct
557 1077 681 1126 animum
689 1073 814 1140 firmins,
834 1079 867 1128 et

59 1140 282 1209 dommianus,
313 1148 439 1196 teneant.
475 1141 606 1196 Heredes
616 1150 711 1195 tamen
723 1159 866 1197 suceesso-

60 1227 164 1284 resque
185 1213 229 1264 sui
248 1215 349 1282 cuique
368 1213 464 1265 liberi:
486 1219 517 1264 et
531 1213 637 1264 nullum
652 1217 866 1266 tastamentum.

60 1283 92 1335 Si
105 1283 189 1336 liberi
200 1297 255 1334 non
266 1288 346 1346 sunt,
375 1284 523 1353 proximus
530 1282 635 1348 gradus
645 1283 674 1332 in
686 1285 868 1348 possessione
937 1319 941 1327 ,
996 1274 1005 1286 ’

59 1352 177 1422 iratres,
197 1353 302 1417 patrui,
323 1351 460 1403 avuncuii.
497 1351 609 1412 Quanto
622 1351 868 1420 pluspropinquo-

59 1437 134 1485 rum,
146 1438 201 1490 quo
213 1422 304 1473 maior
315 1420 448 1472 adfinium
458 1434 603 1482 numerus,
617 1425 699 1472 tanto
709 1420 871 1488 gratiosior

59 1497 203 1556 senectus,
215 1504 276 1542 nae
284 1492 344 1545 ulla
353 1489 485 1542 orbitatis
495 1488 597 1556 pretia.

113 1554 190 1612 XXi.
209 1556 610 1628 Susciperetaminimicitias,
630 1574 681 1612 sen
689 1558 796 1626 patris,
815 1574 868 1613 sen

59 1632 226 1700 propinqui,
243 1644 325 1695 qnam
335 1629 491 1691 amicitias,
510 1634 627 1681 necesse
638 1634 692 1680 est
717 1629 868 1696 necinpla·

58 1694 286 1767 cabilesdurant.
318 1693 798 1751 Luiturenimetiamhomicidium
809 1712 869 1749 cer-

57 1777 90 1823 to
100 1770 293 1821 armentorum
309 1784 341 1821 ae
351 1768 482 1837 pecorum
497 1782 628 1831 numero,
657 1768 815 1835 recipitque
825 1784 870 1820 sa·

39 1838 252 1892 'tisiactionem
263 1840 396 1891 universa
406 1836 518 1889 domus:
548 1836 660 1888 utiliter
669 1836 700 1886 in
713 1837 869 1904 publienm3
969 1844 973 1852 ’

58 1909 128 1977 qnia
148 1907 367 1975 periculosiores
385 1912 451 1960 sunt
470 1906 638 1957 inimicitiae
658 1906 740 1957 iu:.‘a
752 1907 869 1959 liberta·

56 1985 128 2030 tem.
160 1978 342 2032 ‘Convictibus
353 1984 383 2031 et
392 1976 525 2042 hospitiis
536 1991 592 2026 non
603 1975 659 2026 alia
668 1992 713 2043 get
726 1974 869 2030 scffusius

57 2046 198 2115 indulget.
225 2048 434 2117 Quemcumque
446 2046 608 2097 mortalium
618 2060 691 2097 arcer
726 2051 870 2110 teeto‚ne·
922 2096 928 2101 .

57 2116 104 2171 fas
119 2115 253 2171 habetur:
283 2134 333 2185 pro
348 2118 464 2170 fortuna
481 2116 601 2183 quisque
616 2114 760 2181 adparatis
777 2116 869 2182 epulis

58 2188 176 2255 excipit.
213 2187 284 2239 Cum
303 2186 447 2247 defecere,
476 2185 523 2252 qui
540 2184 623 2236 modo
643 2184 748 2251 hospes
763 2184 869 2249 inerat,
900 2196 903 2201 ·

56 2262 237 2313 monstrator
255 2256 373 2323 hospitii
394 2262 424 2309 et
443 2268 551 2317 comes,
579 2256 736 2320 prssximam
755 2253 869 2307 domum

56 2344 118 2382 non
129 2329 243 2381 invitati
255 2328 369 2381 adeunt.
397 2324 596 2377 necinterest:
616 2324 679 2391 pari
689 2322 868 2378 humanitate
964 2349 968 2357 ·

57 2401 247 2471 accipiuntur.
284 2396 389 2450 Notum
405 2396 602 2465 ignotumque,
631 2394 869 2461 quantnmadins

56 2470 192 2538 hospitii,
223 2484 305 2521 nemo
322 2467 466 2521 discernit.
501 2463 639 2525 abeunti,
667 2464 692 2511 si
704 2462 770 2528 qnid
781 2477 869 2529 popo·

57 2543 162 2603 sterit,
192 2539 347 2601 concedere
363 2536 461 2589 moris:
492 2537 522 2583 et
536 2530 671 2600 poscendi
685 2533 805 2585 invicem
822 2547 868 2585 ca-

56 2610 124 2664 dem
145 2610 278 2664 facilitas·
313 2606 443 2661 Gaudent
460 2602 639 2657 muneribust
662 2602 714 2657 sed
732 2616 785 2656 nec
799 2601 869 2656 data
