2034 3025
144 47 201 130 252
299 65 328 120 c
349 56 795 119 connnnrvsrrcrrvs
866 113 871 120 ,
974 126 977 129 ,

154 140 946 174 W

142 176 287 242 inputant,
307 189 360 228 nec
368 175 492 246 acceptis
502 175 676 243 obligantur.
712 171 950 235 Victusintcrho·

58 275 65 284 ·
142 244 232 315 spite
243 243 339 296 comis.
666 291 690 313 .-

195 312 286 366 XXll.
304 311 406 367 Statim
417 327 434 366 e
444 327 555 376 somno,
563 326 646 380 quem
657 310 823 380 plerumque
833 311 863 362 io
875 310 952 362 diem

144 380 309 445 extrahunt,
334 382 479 444 lavantur,
499 383 611 448 saepius
623 380 728 443 calida,
751 387 786 432 ut
796 380 869 447 apud
880 395 952 448 quos

145 452 296 522 plurimum
304 450 395 503 hiems
407 457 534 519 occupat
565 449 651 507 Lauti
662 450 754 501 cibum
763 451 889 516 capiunt:
910 463 955 500 se·

145 525 263 588 paratae
273 520 393 589 singulis
402 520 485 572 sedes
497 525 528 572 et
537 533 589 571 suo
599 521 700 587 cuique
710 533 817 570 mensa
845 518 953 569 tumad

143 591 279 659 negotia,
307 604 360 642 nec
375 590 468 642 minus
481 587 766 654 sacpcadcouvivia,
794 587 956 654 procedunt
1010 636 1011 643 ,

144 661 255 712 armati.
291 655 377 726 Diem
385 663 553 726 noctemque
562 658 728 710 continuare
739 655 874 724 potando,
894 656 956 707 nul·
1010 648 1012 671 '

142 727 321 797 liprobrum.
355 727 492 788 Crebrae,
521 727 644 778 utiutcr
658 726 832 788 vinolentos,
862 725 955 787 rixae,

144 795 212 851 raro
223 794 372 858 conviciis,
398 797 515 862 saepius
530 795 616 846 caede
632 799 663 848 et
676 794 841 847 vulneribus
851 796 957 846 transi·

144 871 260 934 guntur.
296 862 392 916 Sedet
408 863 444 916 dc
459 863 678 916 reconciliandis
693 864 811 916 invicem
831 864 956 915 inimicis

146 940 177 986 ct
190 931 340 1001 iungendis
360 931 558 984 adfinitatibus
575 938 606 984 ct
619 932 810 985 adsciscendis
820 930 959 1001 Principi-

64 1067 71 1072 ,
144 1003 213 1066 bus,
233 1003 268 1054 dc
278 1017 347 1071 pace
357 1003 479 1072 denique
489 1001 622 1065 acheus,
645 1002 811 1070 plerumque
821 1003 852 1052 in
862 1004 960 1054 convi-

145 1073 202 1126 viis
210 1067 386 1124 consultantr
415 1076 559 1139 tamquam
571 1073 648 1123 nullo
663 1072 754 1139 magis
766 1077 897 1138 tempore
909 1079 961 1125 aut

74 1183 76 1187 y
106 1131 128 1164 Ῥ
147 1135 185 1195 ad
194 1141 336 1208 simplices
347 1142 537 1208 cogitationes
547 1146 645 1206 pateat
655 1143 775 1203 animus,
795 1140 960 1194 autadma·

147 1225 219 1280 guas
230 1209 389 1261 incalescat.
426 1209 503 1260 Gens
515 1225 570 1260 non
582 1216 687 1268 astuta,
707 1225 759 1262 nec
769 1209 880 1274 callida,
896 1226 961 1278 ape·

148 1281 188 1334 rit
196 1278 287 1332 adhuc
297 1284 408 1331 secreta
418 1280 549 1346 pectoris
563 1278 682 1330 licentia
691 1281 756 1332 ioci.
791 1281 869 1346 Ergo
881 1279 962 1332 dete·

149 1355 196 1402 cta
215 1355 246 1401 et
261 1347 336 1400 nuda
351 1349 480 1403 omnium
490 1362 571 1419 niens
581 1354 699 1413 postera
712 1349 758 1400 dic
772 1354 961 1413 retractatur,

150 1428 181 1472 et
191 1418 268 1470 salva
281 1418 429 1485 utriusque
445 1417 581 1482 temporis
597 1419 671 1469 ratio
692 1423 744 1470 est.
780 1418 962 1480 Deliberant,

150 1487 217 1543 dum
227 1486 336 1555 fingere
347 1487 489 1540 nesciunt:
507 1487 700 1552 constituunt,
716 1486 781 1541 dum
793 1502 893 1542 errare
903 1503 963 1541 non

171 1564 279 1609 obsunt.

150 1573 169 1626 p
203 1626 307 1679 xxiii.
318 1626 407 1680 Potui
419 1624 520 1678 humor
529 1640 565 1677 ex
575 1622 681 1678 hordeo
692 1631 741 1679 aut
751 1625 913 1692 frumento,
933 1628 966 1677 in

152 1694 292 1765 quandam
304 1696 517 1749 similitudinem
527 1696 584 1751 vini
595 1703 760 1763 com-uptus.
786 1696 917 1748 Proximi
927 1698 967 1748 ri·

150 1778 204 1833 pac
217 1770 247 1817 et
260 1766 354 1819 vinum
366 1771 535 1816 mercantur.
572 1766 633 1816 Cibi
648 1766 804 1833 simplicem
835 1767 969 1833 agrestia

117 1892 118 1895 Ἴ
152 1849 247 1902 poma,
267 1850 366 1888 recens
379 1833 454 1897 fera,
474 1840 524 1885 aut
533 1831 577 1885 lac
587 1841 757 1887 concretum.
796 1833 967 1902 Sineadpa·

151 1908 232 1965 ratu,
253 1904 534 1965 sincblaudimentis‚
555 1904 700 1974 expellunt
710 1903 821 1956 famem.
857 1903 970 1956 Adver-

152 1986 201 2022 sus
221 1972 300 2024 sitim
321 1986 377 2023 non
399 1972 496 2024 eadem
516 1973 715 2038 temperantia.
757 1972 787 2025 Si
806 1971 969 2025 indulseris

153 2039 299 2102 ebrietati,
320 2040 868 2110 suggerendo·quantumconcupiscunt,
887 2039 968 2095 haud

124 2174 125 2177 Ἴ
151 2109 245 2161 nrinus
257 2108 341 2160 facile
352 2109 439 2171 vitiis,
458 2124 541 2177 quam
554 2113 652 2173 armis,
672 2112 830 2163 vincentur.

209 2178 310 2231 XXlV.
330 2176 426 2247 Genus
437 2180 662 2244 spectaculorum
671 2196 758 2232 uuum
767 2186 853 2250 atque
863 2181 897 2231 in
907 2195 969 2233 om·

101 2263 111 2271 ‘
156 2248 281 2302 nicoctu
296 2248 380 2299 idem.
415 2247 496 2299 Nudi*
506 2248 638 2311 iuvenes,
669 2251 769 2318 quibus
780 2251 810 2302 id
822 2248 968 2302 ludicrum

155 2323 211 2379 est,
226 2318 304 2369 inter
313 2315 423 2382 gladios
435 2332 465 2367 sc
478 2322 563 2383 utque
574 2318 694 2370 infestas
704 2318 828 2371 frameas
838 2318 917 2371 saltu
928 2321 970 2372 ia·

155 2385 242 2434 ciunt.
261 2384 437 2441 Exercitatio
448 2380 537 2435 artem
548 2381 675 2453 paravit,'
685 2403 732 2440 ars
743 2379 885 2441 decorem.
906 2404 969 2441 non

94 2493 97 2501 s
154 2453 186 2501 in
196 2458 343 2517 quaestum
354 2457 458 2513 tamen,
478 2459 528 2504 aut
538 2457 706 2509 mercedem.
742 2460 868 2526 quamvis
880 2458 970 2510 auda·

154 2518 195 2566 cis
214 2520 347 2571 lasciviae
367 2520 490 2585 pretium
516 2529 574 2585 est,
609 2526 739 2591 voluptas
759 2528 968 2593 spectantium.

53 2670 54 2673 Ἴ
155 2583 251 2635 dlearu
272 2587 358 2653 (quod
379 2588 495 2649 utirere)
515 2590 605 2642 sobrii
624 2591 702 2647 inter
721 2596 798 2649 seria
816 2606 971 2661 uacent.
