2034 3025
145 91 197 148 246
292 92 321 144 0.
340 86 584 147 CORNELIVS
611 90 795 146 11011118

143 213 214 262 rum,
231 198 418 266 auspiciorum
429 198 520 250 adhuc
530 199 599 249 tides
610 201 738 266 exigitur.
767 199 803 249 Et
813 197 881 258 illuri
891 183 947 264 qui·

143 266 206 319 dem
217 269 301 318 etiam
311 265 355 318 hic
365 273 476 329 notum,
496 269 588 319 avium
598 283 678 319 voees
690 267 856 334 volatusque
865 268 948 318 inter·

143 350 243 405 rogare
248 353 260 419 εΙ
274 338 416 420 proprium
427 336 526 419 gentis,
538 351 671 419 nouorum
683 351 794 419 qupque
804 338 948 418 praesagia

93 497 101 512 ,
143 411 453 538 mutatura
472 404 951 540 .l“lltitltssiitssit.⁰¹.3:i⁰.u

144 557 214 613 quos
225 558 335 610 pressos
345 559 424 595 sacro
435 559 518 594 curru
529 542 675 606 Sacerdos,
689 557 723 593 ac
731 543 802 604 Rex,
817 543 864 592 rel
874 542 949 592 Prin-

144 627 208 679 oeps
228 612 358 675 civitatis,
377 614 554 674 comitantur,
572 611 750 679 hinnitusque
770 626 804 662 ac
820 609 949 661 fremitus

145 681 302 733 observant.
337 681 395 734 Nee
404 681 454 732 ulli
465 683 588 747 auspicio
599 683 689 732 nraior
698 681 776 742 tides,
790 695 847 730 uon
858 680 949 731 solum

145 749 219 814 apud
233 749 351 814 plebem,
370 751 421 801 sed
434 751 506 816 apud
524 760 667 816 proceres,
686 748 760 815 apud
775 747 949 800 Sacerdotes.

145 816 182 871 Se
202 819 274 869 enim
294 818 436 869 ministros
453 819 591 880 Deorum,
616 819 682 870 illos
701 819 825 869 conscios
844 822 950 884 putant.

143 887 196 936 Est
206 890 235 936 et
245 885 302 936 alia
312 886 469 938 observatio
479 888 676 954 auspiciorum,
686 898 742 953 qua
752 888 881 954 gravium
894 887 950 938 liel-

143 954 234 1017 lorum
244 959 360 1007 eventus
368 956 526 1022 explorant.
563 958 630 1007 llius
640 957 739 1024 gentis,
759 969 820 1004 cum
831 970 889 1022 qua
897 955 951 1006 bul·

143 1022 202 1074 lum
214 1029 265 1088 eut,
284 1025 432 1091 captivum,
452 1039 563 1094 quoquo
579 1026 663 1076 modo
677 1026 871 1090 interceptum,
888 1039 951 1074 cum

144 1090 235 1143 eleeto
248 1094 424 1160 popularium
441 1109 570 1156 suorum,
589 1095 689 1161 patriis
706 1108 845 1163 quemque
859 1095 951 1154 armis,

144 1163 332 1213 committunt.
358 1163 476 1214 victoria
484 1163 567 1216 lmius
577 1165 622 1216 rel
632 1163 708 1214 illius
717 1177 769 1230 pro
781 1163 952 1230 praeiudicio

145 1231 290 1296 accipitur.

197 1298 246 1352 Xl.
282 1299 326 1351 De
345 1300 498 1352 minoribus
514 1301 596 1352 rebus
616 1301 760 1366 anoipeu
777 1300 954 1362 consultatum

131 1365 181 1419 'de
191 1369 342 1420 maioribus
353 1384 460 1421 omnes:
476 1371 520 1420 ita
530 1375 640 1432 umen,
658 1374 691 1420 ut
701 1383 735 1420 ca
747 1384 869 1435 quoque,
889 1383 954 1436 quo-

145 1445 205 1488 rum
217 1451 302 1504 penes
313 1438 420 1505 plebem
432 1439 576 1490 arbitrium
586 1445 639 1502 est,
649 1441 723 1504 apuu
733 1437 877 1504 Principes
895 1452 954 1504 per·

145 1510 310 1558 tractentur.
347 1509 467 1571 Coeunt,
488 1509 542 1559 nisi
553 1508 619 1576 quid
633 1507 781 1559 fortuitum
792 1513 821 1559 et
831 1507 957 1558 subitum

144 1575 283 1639 inciderit,
304 1578 389 1629 cortis
400 1577 508 1641 diebus,
519 1592 581 1629 cum
592 1582 644 1629 aut
651 1576 799 1645 iuclpoatur
809 1577 885 1637 luna,
905 1584 959 1629 sot

145 1644 278 1710 inpletur.
312 1662 377 1697 uam
397 1648 513 1715 agendis
531 1648 614 1699 rebus
630 1646 683 1701 hoo
702 1646 959 1712 auspicatissimum

143 1715 256 1764 initium
267 1714 391 1767 credunt.
428 1716 487 1768 Nee
496 1717 605 1767 dierum
615 1732 772 1778 nnmerum,
787 1722 819 1767 ut
828 1728 890 1778 nos,
904 1716 962 1776 secl

45 1820 54 1825 -
146 1784 450 1851 noctiumcomputant.
487 1784 727 1850 Sicconstituuut,
745 1786 786 1837 uic
794 1784 960 1835 condicunt.

145 1861 201 1902 nox
211 1852 313 1905 ducere
325 1854 398 1905 diem
415 1855 535 1907 videtum
573 1856 645 1907 lllud
658 1870 695 1907 ex
704 1855 835 1907 libertate
844 1854 963 1923 vitium,

146 1922 220 1988 quod
232 1937 288 1973 nou
295 1923 396 1985 simul,
406 1940 458 1975 nec
468 1933 500 1975 ut
510 1926 578 1975 iussi
588 1926 769 1986 conveniunt,
780 1924 831 1975 scd
840 1929 871 1974 et
881 1923 962 1975 altar

145 1992 174 2040 et
183 1992 283 2041 tertius
293 1992 353 2043 die's
364 1997 542 2046 cunctatione
552 1996 711 2045 coeuntium
721 1994 886 2043 absumitur.
918 1994 963 2045 Vt

36 2072 37 2075 ¹
144 2058 244 2109 turbae
253 2060 371 2125 placuit,
381 2064 648 2114 coniduntarrnati.
684 2062 832 2115 Silentium
844 2076 897 2127 per
907 2059 961 2113 Su·

113 2145 115 2149 ’
144 2126 282 2193 cerdotes,
294 2130 393 2197 quibus
405 2135 464 2181 tum
475 2137 504 2183 et
514 2133 661 2183 coercendi
671 2134 714 2182 ius
723 2138 775 2194 est,
790 2134 959 2197 imperatur.

144 2196 212 2249 Mox
222 2198 291 2261 lieri,
302 2196 347 2250 vel
358 2198 495 2267 Princeps,
506 2208 591 2267 prout
600 2209 677 2253 aetas
686 2204 800 2269 cuique,
810 2205 899 2267 prout
908 2215 964 2252 uo,-

145 2266 248 2331 bilitas,
258 2273 345 2335 prout
355 2268 440 2321 denus
450 2270 599 2333 bellorum,
609 2277 692 2338 prout
701 2270 834 2322 facundia
843 2276 898 2330 est,
907 2285 962 2321 au·

143 2334 268 2399 (liuntur,
289 2339 455 2391 auctoritate
470 2340 604 2391 suadendi
619 2343 717 2409 magis,
737 2356 820 2407 quam
837 2339 962 2389 iubendi

143 2407 290 2467 potestate.
327 2405 355 2457 Si
375 2408 520 2473 displicuit
538 2413 685 2473 sententia,
705 2409 821 2461 fremitu
839 2408 964 2475 adsper-

142 2476 259 2535 nantur3
278 2474 320 2523 siu
340 2475 453 2540 placuit,
474 2476 595 2528 frameas
614 2479 786 2530 concutiunt.
822 2477 953 2530 Honora

53 2603 57 2611 Ι
142 2536 276 2591 tissimum
289 2540 423 2593 adsensus
432 2559 522 2611 genus
531 2552 583 2606 eut,
594 2550 678 2597 armis
688 2548 812 2598 laudare.

191 2602 263 2665 xil.
288 2608 369 2660 Licet
383 2612 457 2679 apud
480 2613 626 2663 concilium
641 2617 778 2667 adcusare
796 2630 912 2683 quoque
931 2621 968 2667 et
