2034 3025
128 58 180 112 rso
230 57 477 114 'immanium
496 22 583 128 [aa
595 62 653 128 781.
670 61 704 112 n.
716 61 747 114 c.
758 60 812 128 2e.]
833 73 837 83 ·

179 163 279 218 uxrio„
301 164 475 227 Consultant,
494 165 733 231 quosmemoravi,
747 181 868 233 quonam
877 181 936 219 mo·
996 195 1001 199 ·

128 233 164 288 do
185 247 220 287 ea
233 233 355 302 plurium
370 235 467 286 auditu
481 235 682 303 acciperentur.
719 249 785 286 nam
803 233 880 299 loco,
905 237 935 288 in

128 319 210 373 quem
221 305 363 364 coibatur,
387 303 525 355 servanda
539 302 698 354 solitudinis
713 302 812 357 facies:
841 310 883 368 et,
912 307 936 356 si

128 388 203 442 pone
220 371 297 426 fores
317 373 499 435 adsisterent,
523 373 612 424 metui
629 373 719 436 risus,
744 375 866 437 sonitus,
886 383 937 427 aut

52 476 57 482 -
129 443 205 496 forte
216 447 302 496 ortae
320 442 490 509 suspiciones
505 446 595 494 erant.
631 442 750 495 Tectum
765 443 841 495 inter
849 448 883 494 et
898 443 942 496 la·v

80 551 88 567 ,
128 514 321 581 qucaria·tres
337 509 501 574 Senatores,
531 509 606 562 baud
618 513 711 562 minus
728 513 803 579 turpi
818 511 936 574 latebra,

128 597 210 649 quam
222 580 506 643 detestandafraude,
525 580 586 632 sese
597 581 777 645 abstrudunt3
793 579 936 633 foramini·

127 652 180 702 bus
195 655 224 701 et
237 651 314 702 rimis
328 663 424 702 aurem
439 651 609 702 admovent·
631 651 744 702 Interea
757 651 879 707 Latiaris
892 665 937 703 re-

79 771 80 776 ,
126 723 238 786 portum
257 721 287 770 in
306 719 419 786 publico
440 718 587 781 Sabinum,
606 719 685 770 velut
704 735 802 771 recens
822 721 936 787 cognita

127 793 301 852 narraturus,
317 789 430 842 domum
440 795 468 840 et
478 790 506 839 in
518 787 674 840 cubiculum
682 787 783 853 trahit;
798 791 951 857 praeteri-v

127 861 212 923 taque
228 861 258 909 et
266 859 412 922 instantia,
433 873 550 926 quorum
562 856 679 909 adfatim
689 860 783 925 eopia,
802 874 836 910 ac
846 873 935 911 noros

105 965 106 968 ,
126 929 251 978 terrores
264 927 403 984 cumulat.
437 927 545 980 Eadem
564 927 614 978 ille
634 932 663 978 et
682 927 800 990 diutius,
813 960 815 966 ν
828 932 935 996 quanto

125 1001 249 1060 maesta,
270 996 318 1048 ubi
331 996 420 1050 semel
434 1011 602 1064 prorupere,
623 995 761 1048 difficilius
771 998 933 1049 reticentur.

126 1070 277 1132 properata
295 1066 360 1118 inde
379 1069 534 1129 accusatio,
564 1067 711 1134 missisque
730 1066 766 1118 ad
786 1067 933 1119 Caesarem

86 1181 89 1184 .
126 1133 239 1198 litteris,
258 1135 384 1188 ordinem
396 1135 510 1198 fraudis,
532 1139 668 1200 'suumque
678 1135 732 1202 ipsi
743 1135 862 1187 dedecus
871 1151 934 1188 nar·

105 1213 234 1256 *revere
276 1203 341 1274 Non
361 1204 431 1256 alias
451 1205 540 1272 magis
559 1206 643 1255 anxia
662 1208 691 1257 et
709 1219 812 1271 pavens
830 1205 934 1268 civitas,

128 1287 213 1340 egens
228 1272 373 1325 adversum
392 1275 547 1342 proximos:
577 1279 757 1342 congressus,
787 1274 936 1343 colloquia,

80 1364 83 1371 r
126 1347 212 1408 nome
235 1343 402 1412 ignotaeque
421 1357 503 1394 aures
523 1344 622 1395 vitari:
650 1340 831 1395 etiammuta
851 1350 935 1413 atquo

126 1413 259 1476 inanima,
278 1417 383 1466 tectum
393 1418 422 1466 et
432 1415 554 1484 parietes
565 1413 875 1485 circumspectabantur.

150 1512 151 1517 κ
179 1481 266 1537 LXX.
295 1482 351 1537 Sed
371 1485 487 1549 Caesar,
523 1484 661 1537 solemnia
683 1483 839 1551 incipientis
860 1485 936 1547 anni,

126 1552 193 1606 Kal.
203 1552 346 1618 Ianuariis,
369 1554 487 1620 epistola
496 1560 640 1621 precatus,
658 1556 744 1605 vertit
753 1555 782 1604 in
793 1552 937 1617 Sabinum,

127 1620 269 1690 corruptos
279 1622 405 1691 quosdam
415 1622 582 1686 libertorum,
593 1622 746 1740 etpeqitum
756 1637 792 1683 se,
806 1637 938 1689 arguens,

127 1686 320 1761 ultionemque
330 1690 404 1743 baud
416 1692 534 1743 obscure
544 1692 665 1757 posceba
679 1726 686 1740 .
709 1705 761 1741 nec
770 1703 857 1753 mora,
869 1695 936 1758 quin

106 1762 339 1825 decerneretur:
369 1764 399 1811 et
415 1758 582 1811 trahebatur
601 1759 761 1819 damnatus,
791 1764 936 1824 quantum,

128 1829 336 1882 obductaveste
346 1832 374 1885 et
383 1827 523 1879 adstrictis
533 1827 669 1895 faucibus,
684 1827 736 1876 niti
745 1831 865 1893 poterat,
881 1829 936 1883 cla-

127 1900 244 1963 mitans,
263 1898 303 1949 sic
315 1894 441 1949 inchoari
454 1912 567 1959 annum,
587 1895 637 1948 bue
649 1894 881 1951 &nonodecimus
892 1917 936 1953 ca-

128 1968 201 2020 dere.
237 1970 292 2035 qiro
303 1960 470 2018 intendisset
479 1964 586 2028 oculos,
604 1980 659 2034 quo
670 1966 756 2018 rerba
766 1967 936 2031 acciderent,

122 2036 209 2105 tuga,
227 2036 356 2087 vastitas:
370 2034 468 2087 ‘deseri
487 2036 602 2099 itinera,
622 2035 698 2088 fora:
723 2042 753 2088 et
767 2037 879 2105 quidam
893 2054 936 2091 re·

58 2138 65 2154 t
118 2105 342 2173 gradiebantur,
371 2104 608 2176 ostentabantque
617 2122 648 2159 se
658 2120 785 2171 rursum,
807 2106 935 2175 idipsum

101 2180 271 2243 .-parentes,
289 2175 540 2243 quodtimuissent.
571 2174 655 2240 Quem
664 2176 734 2246 enim
744 2176 813 2229 dmm
822 2193 936 2232 vacuum

52 2253 56 2257 ’
125 2246 229 2313 poeno,
247 2244 394 2302 'tilitates
412 2255 623 2307 sacraemnta,
650 2262 702 2315 quo
718 2254 835 2313 tempore
848 2245 936 2299 verbis

125 2314 214 2370 etiam
223 2315 353 2386 profanis
364 2312 496 2369 abstineri
510 2333 566 2370 mos
576 2324 658 2379 esset,
684 2315 778 2369 vincla
787 2324 815 2367 et
825 2318 936 2381 loqueos

129 2374 937 2453 inducantur?nonpmdentemTiberiumtantamiavidiam

131 2452 256 2507 satisne
271 2454 423 2521 quaesitum
436 2456 659 2523 meditatamque,
688 2472 721 2509 ne
732 2456 798 2523 qnid
805 2454 937 2524 impedire

117 2524 273 2588 recedetur,
290 2540 343 2593 quc
356 2524 445 2579 minus
460 2527 728 2597 nocimogistratus,
746 2542 798 2595 quo
808 2525 883 2578 modo
894 2526 935 2578 de·

124 2594 362 2661 lubraetaltoric‘,
380 2595 418 2649 sie
428 2612 565 2652 carcerem
575 2596 726 2651 recludant.
763 2595 883 2649 Secutoe
894 2596 933 2648 in·
