2034 3025
132 106 195 177 'ss
275 118 498 174 nnnnurvm
529 74 690 187 [avom
709 103 851 188 acus]
913 122 918 127 ’

161 230 238 292 ptum
254 227 438 289 compererat3
457 222 625 276 nobilitatem
639 222 781 289 utriusque
792 222 911 291 petuma
927 224 972 275 its-

99 303 101 313 '
145 294 284 356 ,neodem
304 291 453 360 praefatus.
488 292 586 365 Neque
604 292 787 345 hereditatem
802 293 970 358 cuiusquam

161 364 241 427 adiit,
252 364 304 413 nisi
314 378 376 415 curn
387 362 510 414 amicitia
519 364 674 414 monuisset.
692 364 804 429 ignotos
813 366 843 412 et
853 362 918 412 aliis
928 361 972 412 iu·

71 483 75 489 ,
162 432 266 495 tensos,
276 430 522 503 eoquePrinoipem
530 436 730 497 nuncupantes,
739 430 989 497 proaularoebet.v

163 504 306 566 Ceterum,
325 505 359 552 ut
367 498 513 552 honestam
522 502 710 553 innocentium
721 504 914 581 paupertatqm
928 500 970 551 le·

89 599 91 604 ,
163 573 250 633 savit,
269 572 309 623 ite
323 568 454 637 prodigos
465 576 494 621 et
508 570 544 621 ob
559 569 665 637 flagitia
683 574 804 637 egentes,
824 568 970 632 Vibidium

164 642 333 702 Varronem,
352 639 473 690 Marium
493 637 645 703 Nepotem,
664 640 780 705 Appium
800 639 971 704 Appianum,

164 709 322 762 Cornelium
333 706 451 770 Sullam,
471 708 504 771 Q.
515 707 660 761 Vitellium
676 708 764 759 morit
778 705 897 770 Senatu,
918 712 972 758 aut

164 776 262 847 sponte
273 777 373 832 cedere
383 780 481 843 passus
491 782 543 829 est

215 846 313 899 XLIX.
333 846 434 897 lisdem
444 846 614 913 temporibus
623 845 715 897 Deum
725 842 816 907 aedes,
826 849 974 896 vetustata

164 920 213 969 aut
222 917 279 983 igni
299 912 431 978 abolitas,
451 920 618 982 coeptasque
633 915 803 981 abnegasto
820 912 972 977 dedicarit,

163 986 267 1039 Libero
278 984 452 1051 Liberaeque
463 990 491 1035 et
502 986 596 1036 Cereri
606 986 683 1035 iuxta
693 984 797 1035 circum
806 984 972 1044 maximum,

113 1051 114 1059 ’
164 1070 245 1123 quam
261 1056 291 1105 A.
304 1054 461 1125 Postumius
477 1053 608 1105 Dictator
621 1057 750 1115 voverat:
768 1051 922 1119 eodemque
939 1053 972 1102 in

143 1147 150 1163 κ
165 1125 227 1177 loeo
238 1123 333 1175 aedem
344 1122 459 1185 Florae,
475 1123 509 1174 ab
520 1123 607 1173 Lucio
618 1128 647 1173 et
657 1122 754 1173 Marco
764 1120 903 1182 Publiciis,
918 1122 972 1173 Ae·

165 1194 274 1255 dilibus,
295 1194 487 1245 constitutam:
507 1197 537 1248 et
556 1192 623 1242 lano
642 1190 785 1256 ternplum,
805 1190 880 1257 quod
895 1189 972 1256 apud

52 1281 66 1299 ·
111 1271 122 1286 ⁸
166 1262 258 1315 iorum
279 1261 420 1312 olitorium
441 1260 604 1312 C.Duillius
623 1265 777 1321 struxerat,
797 1262 845 1326 qui
865 1258 973 1323 ominus

165 1326 225 1385 rem
238 1332 389 1382 Romanam
401 1344 532 1397 prospere
546 1331 615 1381 mari
630 1330 724 1396 gessit,
745 1326 972 1394 triumphumque

143 1452 144 1457 ,
166 1400 292 1453 uasralem
304 1401 338 1451 tie
348 1399 449 1450 Poenis
460 1400 570 1452 meruit.
606 1397 670 1464 Spei
679 1398 763 1449 aedes
774 1412 791 1449 a
801 1397 972 1449 Germanico

166 1476 303 1528 sacratur:
324 1468 395 1521 bane
404 1468 505 1522 Atilius
516 1473 631 1520 roserat
640 1467 738 1520 eodem
748 1466 832 1519 bello.

217 1539 251 1593 L.
268 1539 452 1594 Adolescebat
467 1540 575 1590 interea
589 1538 636 1590 lex
651 1538 812 1589 maiestatis¹
831 1541 860 1587 et
870 1534 972 1601 Apule·

166 1615 221 1664 iarn
233 1611 378 1680 Vetilium,
398 1609 503 1660 sororis
515 1609 630 1674 Augusti
641 1613 764 1676 neptem,
781 1607 848 1672 quia
855 1607 973 1672 probro·

166 1682 205 1732 sis
220 1679 391 1745 sermonibus
402 1677 436 1731 D.
446 1679 600 1744 Augustum
615 1691 648 1727 ae
657 1677 799 1728 Tiberium
814 1681 843 1726 et
853 1679 972 1726 matrem

167 1750 226 1802 eius
237 1747 386 1808 inlusisset,
402 1747 567 1811 Caesarique
578 1759 703 1797 connexa
714 1745 851 1796 adulterio
862 1752 971 1797 tenere·

166 1825 222 1879 tur,
232 1815 386 1867 maiestatis
397 1813 505 1866 delator
515 1816 681 1868 aroessebat.
704 1812 749 1866 De
759 1814 894 1866 adulterio
903 1811 970 1866 setis

167 1881 418 1952 eaoeritegelulio,
437 1885 539 1934 risum:
557 1883 709 1938 maiestatis
719 1883 819 1936 crimen
829 1882 971 1952 distingui,

168 1958 269 2008 Caesar
279 1951 442 2020 postularia
458 1953 646 2021 damnarique,
656 1953 682 2004 si
690 1954 785 2022 quode
795 1951 922 2033 Aregeste
931 1951 972 2004 in·

161 2022 292 2090 religiose
312 2021 437 2074 dixisset:
454 2020 484 2078 in
494 2037 522 2073 re
531 2021 606 2074 iacta
617 2025 685 2074 nolle
695 2023 733 2074 esi
740 2021 921 2089 cognitionem
929 2036 971 2072 oo·

167 2092 235 2158 euri.
271 2091 461 2159 Interrogatus
476 2107 493 2144 a
508 2092 636 2155 Consule,
653 2091 721 2162 qnid
737 2090 826 2142 debis
842 2098 971 2152 censeret,

168 2178 236 2231 quoe
246 2161 277 2212 de
287 2169 375 2221 tnatre
386 2159 441 2212 eius
452 2162 543 2214 locato
559 2177 633 2213 secus
648 2169 825 2230 urgueretur,
844 2161 970 2211 reticuitr

168 2231 242 2294 dein,
253 2232 377 2297 proximo
389 2229 509 2282 Senatus
519 2230 573 2293 die,
583 2231 660 2282 illius
670 2245 779 2298 quoque
789 2231 901 2280 nomine
912 2243 971 2279 ora·

167 2302 215 2362 sit,
234 2317 267 2359 ne
277 2298 322 2352 oui
331 2299 421 2362 serbe,
440 2299 469 2350 in
480 2316 539 2352 earn
548 2316 651 2368 quoquo
660 2300 735 2350 niodo
744 2297 849 2360 babitu,
864 2295 972 2349 crimini

70 2403 73 2409 -
162 2369 269 2442 forent.
289 2369 469 2434 liberavitque
480 2370 623 2434 Apuleiani
639 2371 699 2434 lege
709 2369 875 2418 maiestatis:
893 2368 970 2418 adul·

73 2453 76 2459 ·
167 2437 232 2490 terii
243 2439 397 2505 graviorem
408 2451 524 2501 poenam
536 2438 711 2502 deprecatus,
731 2444 771 2498 est,
791 2433 972 2503 exemplemu-

165 2506 265 2574 iorurn,
281 2505 442 2575 propinquis
458 2505 518 2559 ,soie
536 2507 611 2556 altre
630 2504 837 2557 ducentesimum
857 2505 973 2572 lapidem

167 2584 358 2637 removeretur,
372 2577 469 2625 suasit.
504 2573 651 2629 Adultera
664 2573 782 2635 Manlio,
797 2575 879 2629 ltalia
888 2581 972 2643 atque

168 2645 510 2718 birieainterdiotumest.
865 2675 870 2680 .
