<?xml version="1.0" encoding="UTF-8"?>
<!DOCTYPE html PUBLIC "-//W3C//DTD XHTML 1.0 Transitional//EN"
    "http://www.w3.org/TR/xhtml1/DTD/xhtml1-transitional.dtd">
<html xmlns="http://www.w3.org/1999/xhtml" xml:lang="en" lang="en">
 <head>
  <title>
</title>
<meta http-equiv="Content-Type" content="text/html;charset=utf-8" />
  <meta name='ocr-system' content='tesseract 3.04.00' />
  <meta name='ocr-capabilities' content='ocr_page ocr_carea ocr_par ocr_line ocrx_word'/>
</head>
<body>
  <div class='ocr_page' id='page_1' title='image "./ccorneliitaciti00socigoog/ccorneliitaciti00socigoog_0551.png"; bbox 0 0 2034 3025; ppageno 0'>
   <div class='ocr_carea' id='block_1_1' title="bbox 151 51 870 141">
    <p class='ocr_par' dir='ltr' id='par_1_1' title="bbox 151 51 870 141">
     <span class='ocr_line' id='line_1_1' title="bbox 151 51 870 141; baseline 0.001 -19"><span class='ocrx_word' id='word_1_1' title='bbox 151 70 201 133; x_wconf 74' lang='lat' dir='ltr'><strong>reo</strong></span> <span class='ocrx_word' id='word_1_2' title='bbox 236 51 540 122; x_wconf 64' lang='lat' dir='ltr'><strong>immensarum</strong></span> <span class='ocrx_word' id='word_1_3' title='bbox 570 56 870 141; x_wconf 71' lang='lat' dir='ltr'><strong>[n.v.sas.s.c.&#39;70.j</strong></span> 
     </span>
    </p>
   </div>
   <div class='ocr_carea' id='block_1_2' title="bbox 65 178 1009 2592">
    <p class='ocr_par' dir='ltr' id='par_1_2' title="bbox 110 178 1009 525">
     <span class='ocr_line' id='line_1_2' title="bbox 110 178 975 249; baseline 0 -16"><span class='ocrx_word' id='word_1_4' title='bbox 110 194 120 207; x_wconf 88' lang='lat'><em>·</em></span> <span class='ocrx_word' id='word_1_5' title='bbox 149 195 372 249; x_wconf 81' lang='lat' dir='ltr'><strong>praesumpsere:</strong></span> <span class='ocrx_word' id='word_1_6' title='bbox 395 178 471 232; x_wconf 84' lang='lat' dir='ltr'><strong>facta</strong></span> <span class='ocrx_word' id='word_1_7' title='bbox 484 180 616 231; x_wconf 81' lang='lat' dir='ltr'>Tribunis</span> <span class='ocrx_word' id='word_1_8' title='bbox 631 180 914 249; x_wconf 80' lang='lat' dir='ltr'><strong>centurionibusque</strong></span> <span class='ocrx_word' id='word_1_9' title='bbox 932 196 975 233; x_wconf 83' lang='lat' dir='ltr'><strong>re·</strong></span> 
     </span>
     <span class='ocr_line' id='line_1_3' title="bbox 147 247 1009 317; baseline -0.002 -14"><span class='ocrx_word' id='word_1_10' title='bbox 147 249 266 312; x_wconf 74' lang='lat' dir='ltr'><strong>edicendi,</strong></span> <span class='ocrx_word' id='word_1_11' title='bbox 284 266 352 317; x_wconf 81' lang='lat' dir='ltr'><strong>quae</strong></span> <span class='ocrx_word' id='word_1_12' title='bbox 368 247 491 302; x_wconf 71' lang='lat' dir='ltr'><strong>Vitellius</strong></span> <span class='ocrx_word' id='word_1_13' title='bbox 504 247 669 311; x_wconf 72' lang='lat' dir='ltr'><strong>indulsisset,</strong></span> <span class='ocrx_word' id='word_1_14' title='bbox 685 264 743 315; x_wconf 87' lang='lat' dir='ltr'><strong>spe.</strong></span> <span class='ocrx_word' id='word_1_15' title='bbox 764 254 852 316; x_wconf 88' lang='lat' dir='ltr'><strong>atque</strong></span> <span class='ocrx_word' id='word_1_16' title='bbox 871 251 972 317; x_wconf 89' lang='lat' dir='ltr'><strong>ipsum</strong></span> <span class='ocrx_word' id='word_1_17' title='bbox 1008 252 1009 311; x_wconf 66' lang='lat' dir='ltr'><strong>i</strong></span> 
     </span>
     <span class='ocr_line' id='line_1_4' title="bbox 149 317 973 372; baseline -0.001 -1"><span class='ocrx_word' id='word_1_18' title='bbox 149 320 296 372; x_wconf 83' lang='lat' dir='ltr'><strong>Caecinam</strong></span> <span class='ocrx_word' id='word_1_19' title='bbox 306 334 361 369; x_wconf 91' lang='lat' dir='ltr'><strong>non</strong></span> <span class='ocrx_word' id='word_1_20' title='bbox 377 321 492 371; x_wconf 88' lang='lat' dir='ltr'><strong>obscure</strong></span> <span class='ocrx_word' id='word_1_21' title='bbox 505 318 541 369; x_wconf 85' lang='lat' dir='ltr'><strong>ad</strong></span> <span class='ocrx_word' id='word_1_22' title='bbox 551 319 745 372; x_wconf 75' lang='lat' dir='ltr'><strong>transitionem</strong></span> <span class='ocrx_word' id='word_1_23' title='bbox 761 317 973 370; x_wconf 82' lang='lat' dir='ltr'><strong>hortabantur.</strong></span> 
     </span>
     <span class='ocr_line' id='line_1_5' title="bbox 148 387 974 455; baseline 0 -16"><span class='ocrx_word' id='word_1_24' title='bbox 148 388 291 440; x_wconf 84' lang='lat' dir='ltr'><strong>Recitatae</strong></span> <span class='ocrx_word' id='word_1_25' title='bbox 306 403 357 455; x_wconf 92' lang='lat' dir='ltr'><strong>pro</strong></span> <span class='ocrx_word' id='word_1_26' title='bbox 371 390 505 439; x_wconf 80' lang='lat' dir='ltr'><strong>concione</strong></span> <span class='ocrx_word' id='word_1_27' title='bbox 522 387 658 453; x_wconf 89' lang='lat' dir='ltr'><strong>epistolae</strong></span> <span class='ocrx_word' id='word_1_28' title='bbox 674 387 806 439; x_wconf 88' lang='lat' dir='ltr'><strong>addidere</strong></span> <span class='ocrx_word' id='word_1_29' title='bbox 816 388 974 451; x_wconf 85' lang='lat' dir='ltr'><strong>fiduciam,</strong></span> 
     </span>
     <span class='ocr_line' id='line_1_6' title="bbox 149 454 973 525; baseline -0.001 -17"><span class='ocrx_word' id='word_1_30' title='bbox 149 458 223 525; x_wconf 87' lang='lat' dir='ltr'><strong>quud</strong></span> <span class='ocrx_word' id='word_1_31' title='bbox 233 459 368 509; x_wconf 87' lang='lat' dir='ltr'><strong>submisse</strong></span> <span class='ocrx_word' id='word_1_32' title='bbox 378 458 504 517; x_wconf 85' lang='lat' dir='ltr'><strong>Caecina,</strong></span> <span class='ocrx_word' id='word_1_33' title='bbox 514 456 591 508; x_wconf 83' lang='lat' dir='ltr'><strong>reiut</strong></span> <span class='ocrx_word' id='word_1_34' title='bbox 600 454 741 507; x_wconf 85' lang='lat' dir='ltr'><strong>offendere</strong></span> <span class='ocrx_word' id='word_1_35' title='bbox 755 456 973 521; x_wconf 77' lang='lat' dir='ltr'><strong>Vespasianum</strong></span> 
     </span>
    </p>

    <p class='ocr_par' dir='ltr' id='par_1_3' title="bbox 123 521 971 594">
     <span class='ocr_line' id='line_1_7' title="bbox 123 521 971 594; baseline 0.002 -19"><span class='ocrx_word' id='word_1_36' title='bbox 123 521 126 526; x_wconf 68' lang='grc'>’</span> <span class='ocrx_word' id='word_1_37' title='bbox 139 530 262 588; x_wconf 71' lang='lat' dir='ltr'><strong>timens,</strong></span> <span class='ocrx_word' id='word_1_38' title='bbox 271 529 391 593; x_wconf 90' lang='lat' dir='ltr'><strong>ipsorum</strong></span> <span class='ocrx_word' id='word_1_39' title='bbox 403 525 496 577; x_wconf 88' lang='lat' dir='ltr'><strong>Duces</strong></span> <span class='ocrx_word' id='word_1_40' title='bbox 507 527 699 594; x_wconf 81' lang='lat' dir='ltr'><strong>contemptim,</strong></span> <span class='ocrx_word' id='word_1_41' title='bbox 717 524 864 591; x_wconf 83' lang='lat' dir='ltr'><strong>tamquam</strong></span> <span class='ocrx_word' id='word_1_42' title='bbox 877 527 971 577; x_wconf 86' lang='lat' dir='ltr'><strong>insui-</strong></span> 
     </span>
    </p>

    <p class='ocr_par' dir='ltr' id='par_1_4' title="bbox 87 596 577 660">
     <span class='ocr_line' id='line_1_8' title="bbox 87 596 577 660; baseline -0.01 -12"><span class='ocrx_word' id='word_1_43' title='bbox 87 629 89 636; x_wconf 39' lang='grc' dir='ltr'><em>ι</em></span> <span class='ocrx_word' id='word_1_44' title='bbox 147 600 240 647; x_wconf 87' lang='lat' dir='ltr'><strong>tantes</strong></span> <span class='ocrx_word' id='word_1_45' title='bbox 251 596 376 657; x_wconf 88' lang='lat' dir='ltr'><strong>Vitellio,</strong></span> <span class='ocrx_word' id='word_1_46' title='bbox 395 597 577 660; x_wconf 71' lang='lat' dir='ltr'><strong>scripsissent.</strong></span> 
     </span>
    </p>

    <p class='ocr_par' dir='ltr' id='par_1_5' title="bbox 67 659 1009 1417">
     <span class='ocr_line' id='line_1_9' title="bbox 200 659 969 731; baseline -0.001 -15"><span class='ocrx_word' id='word_1_47' title='bbox 200 666 236 716; x_wconf 85' lang='lat' dir='ltr'><strong>X.</strong></span> <span class='ocrx_word' id='word_1_48' title='bbox 270 664 397 717; x_wconf 81' lang='lat' dir='ltr'><strong>Adventu</strong></span> <span class='ocrx_word' id='word_1_49' title='bbox 408 662 507 715; x_wconf 88' lang='lat' dir='ltr'><strong>deinde</strong></span> <span class='ocrx_word' id='word_1_50' title='bbox 518 664 635 713; x_wconf 86' lang='lat' dir='ltr'><strong>duarum</strong></span> <span class='ocrx_word' id='word_1_51' title='bbox 652 659 809 729; x_wconf 84' lang='lat' dir='ltr'><strong>legionum,</strong></span> <span class='ocrx_word' id='word_1_52' title='bbox 830 665 969 731; x_wconf 87' lang='lat' dir='ltr'><strong>equibus</strong></span> 
     </span>
     <span class='ocr_line' id='line_1_10' title="bbox 148 728 1009 799; baseline 0 -16"><span class='ocrx_word' id='word_1_53' title='bbox 148 735 259 791; x_wconf 88' lang='lat' dir='ltr'><strong>tertiam</strong></span> <span class='ocrx_word' id='word_1_54' title='bbox 270 734 373 787; x_wconf 82' lang='lat' dir='ltr'><strong>Dillius</strong></span> <span class='ocrx_word' id='word_1_55' title='bbox 383 732 551 797; x_wconf 75' lang='lat' dir='ltr'><strong>Aponianus,</strong></span> <span class='ocrx_word' id='word_1_56' title='bbox 569 736 694 782; x_wconf 71' lang='lat' dir='ltr'><strong>octavum</strong></span> <span class='ocrx_word' id='word_1_57' title='bbox 705 728 849 785; x_wconf 88' lang='lat' dir='ltr'><strong>Numisius</strong></span> <span class='ocrx_word' id='word_1_58' title='bbox 863 732 967 799; x_wconf 79' lang='lat' dir='ltr'><strong>Lupus</strong></span> <span class='ocrx_word' id='word_1_59' title='bbox 1008 746 1009 763; x_wconf 60' lang='lat'><strong>³</strong></span> 
     </span>
     <span class='ocr_line' id='line_1_11' title="bbox 149 798 965 863; baseline 0.001 -10"><span class='ocrx_word' id='word_1_60' title='bbox 149 802 295 863; x_wconf 86' lang='lat' dir='ltr'><strong>ducebant,</strong></span> <span class='ocrx_word' id='word_1_61' title='bbox 313 807 455 852; x_wconf 89' lang='lat' dir='ltr'><strong>ostentare</strong></span> <span class='ocrx_word' id='word_1_62' title='bbox 465 803 548 861; x_wconf 78' lang='lat' dir='ltr'><strong>eires,</strong></span> <span class='ocrx_word' id='word_1_63' title='bbox 566 805 595 851; x_wconf 88' lang='lat' dir='ltr'><strong>ct</strong></span> <span class='ocrx_word' id='word_1_64' title='bbox 605 799 717 849; x_wconf 89' lang='lat' dir='ltr'><strong>militari</strong></span> <span class='ocrx_word' id='word_1_65' title='bbox 728 799 801 851; x_wconf 79' lang='lat' dir='ltr'><strong>vallo</strong></span> <span class='ocrx_word' id='word_1_66' title='bbox 809 798 965 853; x_wconf 85' lang='lat' dir='ltr'><strong>&#39;Veronam</strong></span> 
     </span>
     <span class='ocr_line' id='line_1_12' title="bbox 148 868 1009 937; baseline 0.003 -18"><span class='ocrx_word' id='word_1_67' title='bbox 148 870 321 920; x_wconf 86' lang='lat' dir='ltr'><strong>circumdare</strong></span> <span class='ocrx_word' id='word_1_68' title='bbox 330 870 442 935; x_wconf 87' lang='lat' dir='ltr'><strong>placuit.</strong></span> <span class='ocrx_word' id='word_1_69' title='bbox 478 870 565 937; x_wconf 86' lang='lat' dir='ltr'><strong>Fprte</strong></span> <span class='ocrx_word' id='word_1_70' title='bbox 579 868 733 919; x_wconf 79' lang='lat' dir='ltr'><strong>Galbianae</strong></span> <span class='ocrx_word' id='word_1_71' title='bbox 749 868 855 935; x_wconf 76' lang='lat' dir='ltr'><strong>legioni</strong></span> <span class='ocrx_word' id='word_1_72' title='bbox 872 870 905 920; x_wconf 89' lang='lat' dir='ltr'><strong>in</strong></span> <span class='ocrx_word' id='word_1_73' title='bbox 917 873 966 922; x_wconf 90' lang='lat' dir='ltr'><strong>ad·</strong></span> <span class='ocrx_word' id='word_1_74' title='bbox 1008 910 1009 931; x_wconf 40' lang='grc'><strong>;</strong></span> 
     </span>
     <span class='ocr_line' id='line_1_13' title="bbox 147 932 1009 1004; baseline 0.002 -16"><span class='ocrx_word' id='word_1_75' title='bbox 147 953 229 990; x_wconf 79' lang='lat' dir='ltr'><strong>versa</strong></span> <span class='ocrx_word' id='word_1_76' title='bbox 238 936 330 989; x_wconf 85' lang='lat' dir='ltr'><strong>fronte</strong></span> <span class='ocrx_word' id='word_1_77' title='bbox 340 937 409 990; x_wconf 72' lang='lat' dir='ltr'><strong>valli</strong></span> <span class='ocrx_word' id='word_1_78' title='bbox 419 952 487 1004; x_wconf 88' lang='lat' dir='ltr'><strong>opus</strong></span> <span class='ocrx_word' id='word_1_79' title='bbox 497 944 632 1000; x_wconf 82' lang='lat' dir='ltr'><strong>cesserat,</strong></span> <span class='ocrx_word' id='word_1_80' title='bbox 649 941 678 988; x_wconf 91' lang='lat' dir='ltr'><strong>et</strong></span> <span class='ocrx_word' id='word_1_81' title='bbox 692 938 742 985; x_wconf 84' lang='lat' dir='ltr'><strong>visi</strong></span> <span class='ocrx_word' id='word_1_82' title='bbox 753 936 856 1004; x_wconf 86' lang='lat' dir='ltr'><strong>procul</strong></span> <span class='ocrx_word' id='word_1_83' title='bbox 868 942 964 991; x_wconf 90' lang='lat' dir='ltr'><strong>socio·</strong></span> <span class='ocrx_word' id='word_1_84' title='bbox 1008 932 1009 997; x_wconf 61' lang='lat' dir='ltr'><strong>f</strong></span> 
     </span>
     <span class='ocr_line' id='line_1_14' title="bbox 146 998 1009 1074; baseline -0.002 -17"><span class='ocrx_word' id='word_1_85' title='bbox 146 1022 211 1062; x_wconf 80' lang='lat' dir='ltr'><strong>runs</strong></span> <span class='ocrx_word' id='word_1_86' title='bbox 225 1007 347 1074; x_wconf 81' lang='lat' dir='ltr'><strong>equites,</strong></span> <span class='ocrx_word' id='word_1_87' title='bbox 362 1022 462 1058; x_wconf 83' lang='lat' dir='ltr'><strong>vanam</strong></span> <span class='ocrx_word' id='word_1_88' title='bbox 473 1006 663 1067; x_wconf 76' lang='lat' dir='ltr'><strong>formidinem,</strong></span> <span class='ocrx_word' id='word_1_89' title='bbox 680 1008 713 1055; x_wconf 89' lang='lat' dir='ltr'><strong>nt</strong></span> <span class='ocrx_word' id='word_1_90' title='bbox 728 1004 833 1069; x_wconf 88' lang='lat' dir='ltr'><strong>hostes,</strong></span> <span class='ocrx_word' id='word_1_91' title='bbox 852 1005 963 1062; x_wconf 88' lang='lat' dir='ltr'><strong>fecere.</strong></span> <span class='ocrx_word' id='word_1_92' title='bbox 1008 998 1009 1055; x_wconf 70' lang='lat' dir='ltr'><strong>i</strong></span> 
     </span>
     <span class='ocr_line' id='line_1_15' title="bbox 67 1060 1009 1142; baseline 0.007 -21"><span class='ocrx_word' id='word_1_93' title='bbox 67 1113 69 1121; x_wconf 81' lang='grc'>,</span> <span class='ocrx_word' id='word_1_94' title='bbox 147 1077 302 1141; x_wconf 83' lang='lat' dir='ltr'><strong>Rapinntor</strong></span> <span class='ocrx_word' id='word_1_95' title='bbox 315 1090 395 1127; x_wconf 84' lang='lat' dir='ltr'><strong>arma</strong></span> <span class='ocrx_word' id='word_1_96' title='bbox 412 1082 441 1129; x_wconf 92' lang='lat' dir='ltr'><strong>et</strong></span> <span class='ocrx_word' id='word_1_97' title='bbox 456 1082 488 1127; x_wconf 92' lang='lat' dir='ltr'><strong>ut</strong></span> <span class='ocrx_word' id='word_1_98' title='bbox 502 1076 668 1142; x_wconf 87' lang='lat' dir='ltr'><strong>proditionis</strong></span> <span class='ocrx_word' id='word_1_99' title='bbox 682 1076 726 1126; x_wconf 88' lang='lat' dir='ltr'><strong>ira</strong></span> <span class='ocrx_word' id='word_1_100' title='bbox 740 1074 862 1125; x_wconf 87' lang='lat' dir='ltr'><strong>militum</strong></span> <span class='ocrx_word' id='word_1_101' title='bbox 879 1080 910 1127; x_wconf 93' lang='lat' dir='ltr'><strong>in</strong></span> <span class='ocrx_word' id='word_1_102' title='bbox 927 1080 961 1128; x_wconf 88' lang='grc' dir='ltr'><strong>Τ.</strong></span> <span class='ocrx_word' id='word_1_103' title='bbox 1008 1060 1009 1139; x_wconf 59' lang='lat' dir='ltr'><strong>f</strong></span> 
     </span>
     <span class='ocr_line' id='line_1_16' title="bbox 146 1144 1009 1213; baseline 0 -17"><span class='ocrx_word' id='word_1_104' title='bbox 146 1145 271 1210; x_wconf 76' lang='lat' dir='ltr'><strong>Ampium</strong></span> <span class='ocrx_word' id='word_1_105' title='bbox 290 1145 453 1206; x_wconf 75' lang='lat' dir='ltr'><strong>Flavianum</strong></span> <span class='ocrx_word' id='word_1_106' title='bbox 471 1146 613 1205; x_wconf 89' lang='lat' dir='ltr'><strong>incubuit,</strong></span> <span class='ocrx_word' id='word_1_107' title='bbox 631 1144 709 1195; x_wconf 82' lang='lat' dir='ltr'><strong>nullo</strong></span> <span class='ocrx_word' id='word_1_108' title='bbox 728 1144 853 1195; x_wconf 88' lang='lat' dir='ltr'><strong>criminis</strong></span> <span class='ocrx_word' id='word_1_109' title='bbox 874 1161 960 1213; x_wconf 77' lang='lat' dir='ltr'><strong>argu·</strong></span> <span class='ocrx_word' id='word_1_110' title='bbox 1008 1148 1009 1199; x_wconf 77' lang='lat' dir='ltr'>J</span> 
     </span>
     <span class='ocr_line' id='line_1_17' title="bbox 146 1213 1009 1283; baseline 0.003 -20"><span class='ocrx_word' id='word_1_111' title='bbox 146 1219 251 1275; x_wconf 90' lang='lat' dir='ltr'><strong>mento,</strong></span> <span class='ocrx_word' id='word_1_112' title='bbox 267 1213 316 1265; x_wconf 90' lang='lat' dir='ltr'><strong>sed</strong></span> <span class='ocrx_word' id='word_1_113' title='bbox 331 1214 387 1264; x_wconf 90' lang='lat' dir='ltr'><strong>iam</strong></span> <span class='ocrx_word' id='word_1_114' title='bbox 402 1214 509 1283; x_wconf 83' lang='lat' dir='ltr'><strong>pridem</strong></span> <span class='ocrx_word' id='word_1_115' title='bbox 523 1214 636 1275; x_wconf 87' lang='lat' dir='ltr'><strong>invisus,</strong></span> <span class='ocrx_word' id='word_1_116' title='bbox 654 1213 767 1264; x_wconf 87' lang='lat' dir='ltr'><strong>turbine</strong></span> <span class='ocrx_word' id='word_1_117' title='bbox 783 1213 910 1280; x_wconf 86' lang='lat' dir='ltr'><strong>quodam</strong></span> <span class='ocrx_word' id='word_1_118' title='bbox 921 1216 958 1266; x_wconf 89' lang='lat' dir='ltr'><strong>ad</strong></span> <span class='ocrx_word' id='word_1_119' title='bbox 1008 1228 1009 1277; x_wconf 58' lang='grc' dir='ltr'>ξ</span> 
     </span>
     <span class='ocr_line' id='line_1_18' title="bbox 146 1280 1009 1353; baseline -0.001 -18"><span class='ocrx_word' id='word_1_120' title='bbox 146 1284 260 1335; x_wconf 81' lang='lat' dir='ltr'><strong>exitium</strong></span> <span class='ocrx_word' id='word_1_121' title='bbox 272 1283 451 1349; x_wconf 83' lang='lat' dir='ltr'><strong>poscebatur:</strong></span> <span class='ocrx_word' id='word_1_122' title='bbox 465 1281 645 1349; x_wconf 77' lang='lat' dir='ltr'><strong>propinquum</strong></span> <span class='ocrx_word' id='word_1_123' title='bbox 659 1280 770 1344; x_wconf 74' lang='lat' dir='ltr'><strong>Vitellii,</strong></span> <span class='ocrx_word' id='word_1_124' title='bbox 783 1282 959 1349; x_wconf 77' lang='lat' dir='ltr'><strong>proditorem</strong></span> <span class='ocrx_word' id='word_1_125' title='bbox 1008 1346 1009 1353; x_wconf 10' lang='grc' dir='ltr'>ἵ</span> 
     </span>
     <span class='ocr_line' id='line_1_19' title="bbox 90 1348 957 1417; baseline 0.006 -18"><span class='ocrx_word' id='word_1_126' title='bbox 90 1351 98 1399; x_wconf 87' lang='lat'><strong>.&#39;</strong></span> <span class='ocrx_word' id='word_1_127' title='bbox 107 1406 110 1412; x_wconf 59' lang='grc'>,</span> <span class='ocrx_word' id='word_1_128' title='bbox 149 1348 277 1415; x_wconf 69' lang='lat' dir='ltr'><strong>Othonis,</strong></span> <span class='ocrx_word' id='word_1_129' title='bbox 303 1351 510 1417; x_wconf 77' lang='lat' dir='ltr'><strong>interceptorem</strong></span> <span class='ocrx_word' id='word_1_130' title='bbox 530 1348 652 1401; x_wconf 77' lang='lat' dir='ltr'><strong>donativi</strong></span> <span class='ocrx_word' id='word_1_131' title='bbox 670 1350 862 1402; x_wconf 88' lang='lat' dir='ltr'><strong>clamitabant.</strong></span> <span class='ocrx_word' id='word_1_132' title='bbox 899 1352 957 1404; x_wconf 84' lang='lat' dir='ltr'><strong>Nec</strong></span> 
     </span>
    </p>

    <p class='ocr_par' dir='ltr' id='par_1_6' title="bbox 141 1418 1009 1764">
     <span class='ocr_line' id='line_1_20' title="bbox 147 1418 1009 1487; baseline 0.001 -15"><span class='ocrx_word' id='word_1_133' title='bbox 147 1420 301 1473; x_wconf 80' lang='lat' dir='ltr'><strong>defensioni</strong></span> <span class='ocrx_word' id='word_1_134' title='bbox 311 1422 402 1483; x_wconf 85' lang='lat' dir='ltr'><strong>locus,</strong></span> <span class='ocrx_word' id='word_1_135' title='bbox 421 1434 587 1487; x_wconf 87' lang='lat' dir='ltr'><strong>quamquam</strong></span> <span class='ocrx_word' id='word_1_136' title='bbox 598 1418 739 1485; x_wconf 88' lang='lat' dir='ltr'><strong>supplices</strong></span> <span class='ocrx_word' id='word_1_137' title='bbox 748 1422 957 1473; x_wconf 84' lang='lat' dir='ltr'><strong>manustende·</strong></span> <span class='ocrx_word' id='word_1_138' title='bbox 1008 1453 1009 1483; x_wconf 49' lang='lat' dir='ltr'><strong>n</strong></span> 
     </span>
     <span class='ocr_line' id='line_1_21' title="bbox 148 1488 1009 1560; baseline 0.002 -19"><span class='ocrx_word' id='word_1_139' title='bbox 148 1497 200 1554; x_wconf 85' lang='lat' dir='ltr'><strong>ret,</strong></span> <span class='ocrx_word' id='word_1_140' title='bbox 217 1488 294 1542; x_wconf 87' lang='lat' dir='ltr'><strong>bumi</strong></span> <span class='ocrx_word' id='word_1_141' title='bbox 305 1491 588 1557; x_wconf 86' lang='lat' dir='ltr'><strong>plerumquestratus,</strong></span> <span class='ocrx_word' id='word_1_142' title='bbox 598 1488 690 1540; x_wconf 88' lang='lat' dir='ltr'><strong>lacera</strong></span> <span class='ocrx_word' id='word_1_143' title='bbox 701 1494 785 1553; x_wconf 84' lang='lat' dir='ltr'><strong>reste,</strong></span> <span class='ocrx_word' id='word_1_144' title='bbox 804 1494 904 1555; x_wconf 89' lang='lat' dir='ltr'><strong>pectus</strong></span> <span class='ocrx_word' id='word_1_145' title='bbox 914 1496 957 1543; x_wconf 88' lang='lat' dir='ltr'><strong>at·</strong></span> <span class='ocrx_word' id='word_1_146' title='bbox 1008 1506 1009 1560; x_wconf 71' lang='lat' dir='ltr'>j</span> 
     </span>
     <span class='ocr_line' id='line_1_22' title="bbox 141 1559 1009 1628; baseline -0.005 -18"><span class='ocrx_word' id='word_1_147' title='bbox 141 1577 199 1627; x_wconf 49' lang='lat' dir='ltr'><strong>,qne</strong></span> <span class='ocrx_word' id='word_1_148' title='bbox 215 1575 265 1612; x_wconf 87' lang='lat' dir='ltr'><strong>ora</strong></span> <span class='ocrx_word' id='word_1_149' title='bbox 280 1561 404 1627; x_wconf 83' lang='lat' dir='ltr'><strong>singultu</strong></span> <span class='ocrx_word' id='word_1_150' title='bbox 419 1561 556 1628; x_wconf 87' lang='lat' dir='ltr'><strong>quatiens.</strong></span> <span class='ocrx_word' id='word_1_151' title='bbox 591 1559 619 1609; x_wconf 89' lang='lat' dir='ltr'><strong>id</strong></span> <span class='ocrx_word' id='word_1_152' title='bbox 635 1560 725 1624; x_wconf 91' lang='lat' dir='ltr'><strong>ipsum</strong></span> <span class='ocrx_word' id='word_1_153' title='bbox 741 1560 813 1624; x_wconf 91' lang='lat' dir='ltr'><strong>apud</strong></span> <span class='ocrx_word' id='word_1_154' title='bbox 828 1559 957 1612; x_wconf 87' lang='lat' dir='ltr'><strong>infensos</strong></span> <span class='ocrx_word' id='word_1_155' title='bbox 1008 1561 1009 1606; x_wconf 59' lang='lat'><em>3</em></span> 
     </span>
     <span class='ocr_line' id='line_1_23' title="bbox 145 1629 958 1696; baseline 0.002 -18"><span class='ocrx_word' id='word_1_156' title='bbox 145 1630 354 1681; x_wconf 87' lang='lat' dir='ltr'><strong>incitamentum</strong></span> <span class='ocrx_word' id='word_1_157' title='bbox 366 1635 435 1690; x_wconf 83' lang='lat' dir='ltr'><strong>erat,</strong></span> <span class='ocrx_word' id='word_1_158' title='bbox 452 1634 594 1696; x_wconf 88' lang='lat' dir='ltr'><strong>tamqnam</strong></span> <span class='ocrx_word' id='word_1_159' title='bbox 604 1629 705 1678; x_wconf 86' lang='lat' dir='ltr'><strong>nimius</strong></span> <span class='ocrx_word' id='word_1_160' title='bbox 716 1642 802 1693; x_wconf 88' lang='lat' dir='ltr'><strong>pavor</strong></span> <span class='ocrx_word' id='word_1_161' title='bbox 813 1631 958 1680; x_wconf 87' lang='lat' dir='ltr'><strong>conscien-</strong></span> 
     </span>
     <span class='ocr_line' id='line_1_24' title="bbox 147 1697 956 1764; baseline 0.002 -16"><span class='ocrx_word' id='word_1_162' title='bbox 147 1701 215 1750; x_wconf 87' lang='lat' dir='ltr'><strong>tiam</strong></span> <span class='ocrx_word' id='word_1_163' title='bbox 225 1702 367 1764; x_wconf 80' lang='lat' dir='ltr'><strong>argueret</strong></span> <span class='ocrx_word' id='word_1_164' title='bbox 402 1697 610 1748; x_wconf 86' lang='lat' dir='ltr'><strong>Obturbabatur</strong></span> <span class='ocrx_word' id='word_1_165' title='bbox 623 1697 743 1747; x_wconf 86' lang='lat' dir='ltr'><strong>militum</strong></span> <span class='ocrx_word' id='word_1_166' title='bbox 758 1697 873 1748; x_wconf 81' lang='lat' dir='ltr'><strong>vocibus</strong></span> <span class='ocrx_word' id='word_1_167' title='bbox 884 1699 956 1764; x_wconf 76' lang='lat' dir='ltr'><strong>Apo-</strong></span> 
     </span>
    </p>

    <p class='ocr_par' dir='ltr' id='par_1_7' title="bbox 125 1764 986 1902">
     <span class='ocr_line' id='line_1_25' title="bbox 125 1764 957 1833; baseline 0.001 -15"><span class='ocrx_word' id='word_1_168' title='bbox 125 1773 127 1779; x_wconf 89' lang='lat'>&#39;</span> <span class='ocrx_word' id='word_1_169' title='bbox 142 1764 224 1828; x_wconf 84' lang='lat' dir='ltr'><strong>nius,</strong></span> <span class='ocrx_word' id='word_1_170' title='bbox 239 1783 302 1818; x_wconf 89' lang='lat' dir='ltr'><strong>cum</strong></span> <span class='ocrx_word' id='word_1_171' title='bbox 313 1767 390 1833; x_wconf 89' lang='lat' dir='ltr'><strong>loqui</strong></span> <span class='ocrx_word' id='word_1_172' title='bbox 405 1770 560 1830; x_wconf 73' lang='lat' dir='ltr'><strong>coeptarctz</strong></span> <span class='ocrx_word' id='word_1_173' title='bbox 581 1764 695 1816; x_wconf 86' lang='lat' dir='ltr'><strong>fremitu</strong></span> <span class='ocrx_word' id='word_1_174' title='bbox 706 1770 736 1816; x_wconf 90' lang='lat' dir='ltr'><strong>et</strong></span> <span class='ocrx_word' id='word_1_175' title='bbox 746 1766 869 1818; x_wconf 78' lang='lat' dir='ltr'><strong>clariore</strong></span> <span class='ocrx_word' id='word_1_176' title='bbox 881 1773 957 1819; x_wconf 88' lang='lat' dir='ltr'><strong>cete·</strong></span> 
     </span>
     <span class='ocr_line' id='line_1_26' title="bbox 146 1833 986 1902; baseline 0.002 -16"><span class='ocrx_word' id='word_1_177' title='bbox 146 1851 194 1886; x_wconf 85' lang='lat' dir='ltr'><strong>ros</strong></span> <span class='ocrx_word' id='word_1_178' title='bbox 209 1837 423 1902; x_wconf 81' lang='lat' dir='ltr'><strong>adspernantur:</strong></span> <span class='ocrx_word' id='word_1_179' title='bbox 442 1835 491 1883; x_wconf 89' lang='lat' dir='ltr'><strong>uni</strong></span> <span class='ocrx_word' id='word_1_180' title='bbox 505 1833 626 1884; x_wconf 77' lang='lat' dir='ltr'><strong>Antonio</strong></span> <span class='ocrx_word' id='word_1_181' title='bbox 640 1840 756 1900; x_wconf 86' lang='lat' dir='ltr'><strong>apertae</strong></span> <span class='ocrx_word' id='word_1_182' title='bbox 770 1836 891 1886; x_wconf 91' lang='lat' dir='ltr'><strong>militum</strong></span> <span class='ocrx_word' id='word_1_183' title='bbox 905 1852 956 1888; x_wconf 84' lang='lat' dir='ltr'><strong>au-</strong></span> <span class='ocrx_word' id='word_1_184' title='bbox 983 1862 986 1869; x_wconf 80' lang='lat'><strong>,</strong></span> 
     </span>
    </p>

    <p class='ocr_par' dir='ltr' id='par_1_8' title="bbox 65 1901 956 1972">
     <span class='ocr_line' id='line_1_27' title="bbox 65 1901 956 1972; baseline 0.003 -18"><span class='ocrx_word' id='word_1_185' title='bbox 65 1905 69 1910; x_wconf 83' lang='lat'><em>&#39;</em></span> <span class='ocrx_word' id='word_1_186' title='bbox 146 1919 198 1954; x_wconf 85' lang='lat' dir='ltr'><strong>res</strong></span> <span class='ocrx_word' id='word_1_187' title='bbox 233 1919 352 1971; x_wconf 82' lang='lat' dir='ltr'><strong>uanique</strong></span> <span class='ocrx_word' id='word_1_188' title='bbox 371 1909 401 1954; x_wconf 77' lang='lat' dir='ltr'><strong>et</strong></span> <span class='ocrx_word' id='word_1_189' title='bbox 418 1901 550 1953; x_wconf 88' lang='lat' dir='ltr'><strong>facundia</strong></span> <span class='ocrx_word' id='word_1_190' title='bbox 562 1901 670 1964; x_wconf 86' lang='lat' dir='ltr'><strong>aderat,</strong></span> <span class='ocrx_word' id='word_1_191' title='bbox 681 1905 874 1972; x_wconf 83' lang='lat' dir='ltr'><strong>mulcendique</strong></span> <span class='ocrx_word' id='word_1_192' title='bbox 895 1906 956 1957; x_wconf 84' lang='lat' dir='ltr'><strong>vul·</strong></span> 
     </span>
    </p>

    <p class='ocr_par' dir='ltr' id='par_1_9' title="bbox 145 1969 956 2039">
     <span class='ocr_line' id='line_1_28' title="bbox 145 1969 956 2039; baseline 0.006 -17"><span class='ocrx_word' id='word_1_193' title='bbox 145 1987 210 2039; x_wconf 81' lang='lat' dir='ltr'><strong>gum</strong></span> <span class='ocrx_word' id='word_1_194' title='bbox 221 1978 295 2034; x_wconf 82' lang='lat' dir='ltr'><strong>artes</strong></span> <span class='ocrx_word' id='word_1_195' title='bbox 305 1978 334 2022; x_wconf 90' lang='lat' dir='ltr'><strong>et</strong></span> <span class='ocrx_word' id='word_1_196' title='bbox 343 1972 506 2023; x_wconf 87' lang='lat' dir='ltr'><strong>auctoritas.</strong></span> <span class='ocrx_word' id='word_1_197' title='bbox 541 1969 592 2020; x_wconf 91' lang='lat' dir='ltr'><strong>Vbi</strong></span> <span class='ocrx_word' id='word_1_198' title='bbox 602 1972 766 2026; x_wconf 84' lang='lat' dir='ltr'><strong>crudescere</strong></span> <span class='ocrx_word' id='word_1_199' title='bbox 775 1975 887 2037; x_wconf 89' lang='lat' dir='ltr'><strong>seditio,</strong></span> <span class='ocrx_word' id='word_1_200' title='bbox 897 1981 926 2026; x_wconf 91' lang='lat' dir='ltr'><strong>et</strong></span> <span class='ocrx_word' id='word_1_201' title='bbox 937 1992 956 2027; x_wconf 87' lang='lat' dir='ltr'><strong>a</strong></span> 
     </span>
    </p>

    <p class='ocr_par' dir='ltr' id='par_1_10' title="bbox 146 2038 955 2106">
     <span class='ocr_line' id='line_1_29' title="bbox 146 2038 955 2106; baseline 0.005 -14"><span class='ocrx_word' id='word_1_202' title='bbox 146 2041 274 2092; x_wconf 77' lang='lat' dir='ltr'><strong>coniiciis</strong></span> <span class='ocrx_word' id='word_1_203' title='bbox 284 2046 314 2090; x_wconf 85' lang='lat' dir='ltr'><strong>et</strong></span> <span class='ocrx_word' id='word_1_204' title='bbox 323 2038 432 2105; x_wconf 85' lang='lat' dir='ltr'><strong>probris</strong></span> <span class='ocrx_word' id='word_1_205' title='bbox 441 2039 476 2088; x_wconf 87' lang='lat' dir='ltr'><strong>ad</strong></span> <span class='ocrx_word' id='word_1_206' title='bbox 486 2039 543 2090; x_wconf 90' lang='lat' dir='ltr'><strong>tela</strong></span> <span class='ocrx_word' id='word_1_207' title='bbox 554 2044 583 2090; x_wconf 92' lang='lat' dir='ltr'><strong>et</strong></span> <span class='ocrx_word' id='word_1_208' title='bbox 591 2055 689 2092; x_wconf 85' lang='lat' dir='ltr'><strong>manus</strong></span> <span class='ocrx_word' id='word_1_209' title='bbox 699 2045 864 2106; x_wconf 85' lang='lat' dir='ltr'><strong>transibunt,</strong></span> <span class='ocrx_word' id='word_1_210' title='bbox 873 2043 955 2096; x_wconf 72' lang='lat' dir='ltr'><strong>infici</strong></span> 
     </span>
    </p>

    <p class='ocr_par' dir='ltr' id='par_1_11' title="bbox 145 2106 954 2176">
     <span class='ocr_line' id='line_1_30' title="bbox 145 2106 954 2176; baseline 0.002 -15"><span class='ocrx_word' id='word_1_211' title='bbox 145 2117 255 2161; x_wconf 76' lang='lat' dir='ltr'><strong>cotom·</strong></span> <span class='ocrx_word' id='word_1_212' title='bbox 265 2107 396 2162; x_wconf 70' lang='lat' dir='ltr'><strong>biaoimw</strong></span> <span class='ocrx_word' id='word_1_213' title='bbox 407 2108 494 2158; x_wconf 83' lang='lat' dir='ltr'><strong>iubet.</strong></span> <span class='ocrx_word' id='word_1_214' title='bbox 529 2106 624 2160; x_wconf 85' lang='lat' dir='ltr'><strong>Sensit</strong></span> <span class='ocrx_word' id='word_1_215' title='bbox 633 2110 782 2162; x_wconf 90' lang='lat' dir='ltr'><strong>ludibrium</strong></span> <span class='ocrx_word' id='word_1_216' title='bbox 795 2113 886 2176; x_wconf 82' lang='lat' dir='ltr'><strong>mites,</strong></span> <span class='ocrx_word' id='word_1_217' title='bbox 897 2113 954 2163; x_wconf 87' lang='lat' dir='ltr'><strong>dis·</strong></span> 
     </span>
    </p>

    <p class='ocr_par' dir='ltr' id='par_1_12' title="bbox 144 2176 1009 2250">
     <span class='ocr_line' id='line_1_31' title="bbox 144 2176 1009 2250; baseline 0.007 -22"><span class='ocrx_word' id='word_1_218' title='bbox 144 2180 292 2247; x_wconf 75' lang='lat' dir='ltr'><strong>tectisque,</strong></span> <span class='ocrx_word' id='word_1_219' title='bbox 311 2178 360 2244; x_wconf 80' lang='lat' dir='ltr'><strong>qni</strong></span> <span class='ocrx_word' id='word_1_220' title='bbox 368 2176 491 2228; x_wconf 86' lang='lat' dir='ltr'><strong>tribunal</strong></span> <span class='ocrx_word' id='word_1_221' title='bbox 499 2178 664 2242; x_wconf 89' lang='lat' dir='ltr'><strong>tuebantur,</strong></span> <span class='ocrx_word' id='word_1_222' title='bbox 684 2183 953 2248; x_wconf 84' lang='lat' dir='ltr'><strong>extremarispara-</strong></span> <span class='ocrx_word' id='word_1_223' title='bbox 1008 2199 1009 2250; x_wconf 29' lang='grc' dir='ltr'><strong>ᾗ</strong></span> 
     </span>
    </p>

    <p class='ocr_par' dir='ltr' id='par_1_13' title="bbox 144 2247 1009 2314">
     <span class='ocr_line' id='line_1_32' title="bbox 144 2247 1009 2314; baseline 0.005 -15"><span class='ocrx_word' id='word_1_224' title='bbox 144 2248 237 2299; x_wconf 87' lang='lat' dir='ltr'><strong>batur.</strong></span> <span class='ocrx_word' id='word_1_225' title='bbox 271 2247 409 2314; x_wconf 88' lang='lat' dir='ltr'><strong>Opposuit</strong></span> <span class='ocrx_word' id='word_1_226' title='bbox 419 2247 509 2297; x_wconf 82' lang='lat' dir='ltr'><strong>sinum</strong></span> <span class='ocrx_word' id='word_1_227' title='bbox 520 2250 669 2310; x_wconf 79' lang='lat' dir='ltr'><strong>Antonius,</strong></span> <span class='ocrx_word' id='word_1_228' title='bbox 689 2251 785 2300; x_wconf 88' lang='lat' dir='ltr'><strong>stricto</strong></span> <span class='ocrx_word' id='word_1_229' title='bbox 796 2249 881 2313; x_wconf 87' lang='lat' dir='ltr'><strong>ferro,</strong></span> <span class='ocrx_word' id='word_1_230' title='bbox 898 2262 953 2303; x_wconf 84' lang='lat' dir='ltr'><strong>cut</strong></span> <span class='ocrx_word' id='word_1_231' title='bbox 1008 2261 1009 2276; x_wconf 65' lang='lat'>¹</span> 
     </span>
    </p>

    <p class='ocr_par' dir='ltr' id='par_1_14' title="bbox 143 2315 951 2592">
     <span class='ocr_line' id='line_1_33' title="bbox 144 2315 951 2380; baseline 0.006 -14"><span class='ocrx_word' id='word_1_232' title='bbox 144 2316 261 2367; x_wconf 78' lang='lat' dir='ltr'><strong>rnilitum</strong></span> <span class='ocrx_word' id='word_1_233' title='bbox 279 2315 450 2377; x_wconf 74' lang='lat' dir='ltr'><strong>temonibus,</strong></span> <span class='ocrx_word' id='word_1_234' title='bbox 466 2325 518 2366; x_wconf 83' lang='lat' dir='ltr'><strong>ont</strong></span> <span class='ocrx_word' id='word_1_235' title='bbox 532 2315 597 2380; x_wconf 80' lang='lat' dir='ltr'><strong>seis,</strong></span> <span class='ocrx_word' id='word_1_236' title='bbox 613 2317 775 2369; x_wconf 79' lang='lat' dir='ltr'><strong>moriturum</strong></span> <span class='ocrx_word' id='word_1_237' title='bbox 794 2320 951 2371; x_wconf 85' lang='lat' dir='ltr'><strong>obtestans:</strong></span> 
     </span>
     <span class='ocr_line' id='line_1_34' title="bbox 144 2385 948 2455; baseline 0.009 -22"><span class='ocrx_word' id='word_1_238' title='bbox 144 2389 322 2451; x_wconf 83' lang='lat' dir='ltr'><strong>utquomque</strong></span> <span class='ocrx_word' id='word_1_239' title='bbox 331 2388 427 2434; x_wconf 88' lang='lat' dir='ltr'><strong>notum</strong></span> <span class='ocrx_word' id='word_1_240' title='bbox 438 2390 468 2435; x_wconf 89' lang='lat' dir='ltr'><strong>et</strong></span> <span class='ocrx_word' id='word_1_241' title='bbox 473 2385 566 2452; x_wconf 86' lang='lat' dir='ltr'><strong>aliquo</strong></span> <span class='ocrx_word' id='word_1_242' title='bbox 576 2388 690 2438; x_wconf 81' lang='lat' dir='ltr'><strong>militari</strong></span> <span class='ocrx_word' id='word_1_243' title='bbox 700 2386 948 2455; x_wconf 85' lang='lat' dir='ltr'><strong>decoreinsignem</strong></span> 
     </span>
     <span class='ocr_line' id='line_1_35' title="bbox 143 2451 949 2520; baseline 0.01 -20"><span class='ocrx_word' id='word_1_244' title='bbox 143 2452 322 2519; x_wconf 83' lang='lat' dir='ltr'><strong>adspexerat,</strong></span> <span class='ocrx_word' id='word_1_245' title='bbox 341 2451 376 2502; x_wconf 85' lang='lat' dir='ltr'><strong>ad</strong></span> <span class='ocrx_word' id='word_1_246' title='bbox 388 2451 531 2503; x_wconf 87' lang='lat' dir='ltr'><strong>ferendam</strong></span> <span class='ocrx_word' id='word_1_247' title='bbox 547 2469 626 2520; x_wconf 90' lang='lat' dir='ltr'><strong>opem</strong></span> <span class='ocrx_word' id='word_1_248' title='bbox 641 2457 752 2506; x_wconf 91' lang='lat' dir='ltr'><strong>nomine</strong></span> <span class='ocrx_word' id='word_1_249' title='bbox 763 2457 849 2506; x_wconf 85' lang='lat' dir='ltr'><strong>ciens.</strong></span> <span class='ocrx_word' id='word_1_250' title='bbox 883 2471 949 2508; x_wconf 88' lang='lat' dir='ltr'><strong>mox</strong></span> 
     </span>
     <span class='ocr_line' id='line_1_36' title="bbox 143 2519 948 2592; baseline 0.006 -22"><span class='ocrx_word' id='word_1_251' title='bbox 143 2533 290 2571; x_wconf 79' lang='lat' dir='ltr'><strong>conversus</strong></span> <span class='ocrx_word' id='word_1_252' title='bbox 301 2519 435 2585; x_wconf 85' lang='lat' dir='ltr'><strong>adsigna,</strong></span> <span class='ocrx_word' id='word_1_253' title='bbox 446 2527 474 2571; x_wconf 92' lang='lat' dir='ltr'><strong>et</strong></span> <span class='ocrx_word' id='word_1_254' title='bbox 483 2521 620 2573; x_wconf 81' lang='lat' dir='ltr'><strong>bellorum</strong></span> <span class='ocrx_word' id='word_1_255' title='bbox 630 2524 714 2583; x_wconf 88' lang='lat' dir='ltr'><strong>Deos,</strong></span> <span class='ocrx_word' id='word_1_256' title='bbox 730 2521 847 2574; x_wconf 78' lang='lat' dir='ltr'><strong>bostium</strong></span> <span class='ocrx_word' id='word_1_257' title='bbox 853 2524 948 2592; x_wconf 78' lang='lat' dir='ltr'><strong>potius</strong></span> 
     </span>
    </p>
   </div>
   <div class='ocr_carea' id='block_1_3' title="bbox 142 2587 948 2699">
    <p class='ocr_par' dir='ltr' id='par_1_15' title="bbox 142 2587 948 2699">
     <span class='ocr_line' id='line_1_37' title="bbox 142 2587 948 2668; baseline 0.009 -32"><span class='ocrx_word' id='word_1_258' title='bbox 142 2587 304 2659; x_wconf 71' lang='lat' dir='ltr'><strong>exercitibus</strong></span> <span class='ocrx_word' id='word_1_259' title='bbox 312 2587 387 2640; x_wconf 78' lang='lat' dir='ltr'><strong>illum</strong></span> <span class='ocrx_word' id='word_1_260' title='bbox 392 2589 528 2660; x_wconf 84' lang='lat' dir='ltr'><strong>furorem,</strong></span> <span class='ocrx_word' id='word_1_261' title='bbox 537 2589 613 2642; x_wconf 77' lang='lat' dir='ltr'><strong>illam</strong></span> <span class='ocrx_word' id='word_1_262' title='bbox 623 2590 783 2644; x_wconf 76' lang='lat' dir='ltr'><strong>discordiam</strong></span> <span class='ocrx_word' id='word_1_263' title='bbox 794 2591 948 2668; x_wconf 68' lang='lat' dir='ltr'><strong>indicerent,</strong></span> 
     </span>
     <span class='ocr_line' id='line_1_38' title="bbox 247 2668 824 2699; baseline -0.005 0"><span class='ocrx_word' id='word_1_264' title='bbox 247 2675 251 2699; x_wconf 78' lang='grc' dir='ltr'>ι</span> <span class='ocrx_word' id='word_1_265' title='bbox 273 2668 276 2675; x_wconf 87' lang='grc'><strong>“</strong></span> <span class='ocrx_word' id='word_1_266' title='bbox 823 2685 824 2696; x_wconf 49' lang='lat' dir='ltr'><strong>n</strong></span> 
     </span>
    </p>
   </div>
   <div class='ocr_carea' id='block_1_4' title="bbox 0 0 1022 3025">
    <p class='ocr_par' dir='ltr' id='par_1_16' title="bbox 0 0 1022 3025">
     <span class='ocr_line' id='line_1_39' title="bbox 0 0 1022 3025; baseline 0 4"><span class='ocrx_word' id='word_1_267' title='bbox 0 0 1022 3025; x_wconf 95' lang='lat' dir='ltr'><strong> </strong></span> 
     </span>
    </p>
   </div>
  </div>
 </body>
</html>
