2034 3025
130 57 183 118 eae
254 16 815 126 suu-‚imvm[summatem]
915 70 918 75 “
1013 20 1014 115 J

133 165 201 217 bito.
229 171 259 216 et
267 161 440 216 sobrinarum
450 162 496 233 clio
507 161 637 230 igomma
647 160 866 228 temporeoddito
876 179 944 230 per-

130 232 274 286 crebuisse.
303 248 401 284 oaorem
421 230 629 294 adcommodati,
644 238 729 298 prout
749 231 896 296 conducat,
913 241 944 286 et

132 303 193 365 fore
204 303 252 354 boe
263 318 365 372 quoque
374 298 463 362 initis,
478 316 547 369 quoe
556 315 621 354 nzox
629 309 802 368 usurpentur,

184 373 246 426 Vll.
269 371 351 423 Haud
360 368 487 433 deluere,
503 371 556 436 qui
571 368 707 432 certatim,
727 369 942 424 uicenctoretor

132 437 243 504 Caesar,
262 439 291 494 oi
309 447 418 497 acturos
437 438 637 500 testificantes,
654 443 833 505 erumperent
851 443 942 493 curia.

102 565 108 577 ‚
132 511 323 578 Couglobatur
338 509 498 575 promiscua
513 508 672 571 multitudo,
686 506 874 576 Populamqoe
884 508 942 562 Ro·

119 595 238 632 ·ruouum
258 578 348 630 eodem
368 593 456 639 orare,
468 577 602 628 clamitat.
637 577 698 629 Nec
713 577 846 630 Claudius
865 579 946 632 ultra

133 651 306 714 exspectato,
327 646 439 698 obvium
450 646 525 714 apud
535 645 626 698 forum
637 648 753 713 praebet
762 661 794 698 se
804 650 945 714 gratanti·

131 717 196 770 bus:
216 715 404 782 senatumque
414 715 569 782 ingressus,
588 715 723 768 decretum
735 719 871 782 postulat,
890 733 945 783 quo

131 782 222 838 iustae
235 785 308 837 inter
320 790 437 851 patruos
447 784 627 856 fratrumque
635 783 715 853 filias
731 783 946 853 neptioeetiom

131 853 161 907 in
168 863 306 920 posterum
317 859 514 926 statuerentur.
535 853 634 921 Neque
644 859 739 904 tamen
749 861 880 920 repertus
890 861 944 919 est,

102 985 104 988 ¹
132 925 187 987 uisi
198 939 277 986 unus,
288 923 354 974 talis
364 923 538 974 matrimonii
548 923 668 990 cupitor,
678 923 711 974 Τ.
723 923 848 979 Alledius
858 923 943 977 Sere·

132 1007 188 1055 rus,
199 993 291 1060 Eques
297 993 445 1061 Romanus,
456 1007 539 1060 quem
549 992 684 1058 plerique,
694 987 867 1060 Agrippinae
873 1009 943 1062 gro·

53 1059 54 1067 ’
133 1061 175 1113 tio
185 1061 477 1134 inpueum,ferebant.
495 1061 586 1129 yersa
597 1075 632 1112 ex
642 1075 677 1112 eo
686 1061 793 1124 civitas,
804 1068 834 1112 et
843 1069 943 1117 cuncta

133 1130 255 1183 feminae
266 1131 448 1194 obediebant,
467 1135 523 1182 non
534 1129 746 1197 perlasciviam,
760 1137 793 1181 ut
802 1131 943 1200 Messalli-

133 1215 185 1265 na,
200 1200 429 1252 rebusllomanis
444 1198 593 1252 inludenti.
612 1199 762 1251 adductum
774 1205 804 1252 et
813 1203 942 1269 quasivi-

105 1271 106 1276 ’
133 1270 186 1322 rile
196 1271 354 1339 servitiuipz
373 1268 467 1336 pelam
478 1271 623 1332 severitas,
634 1283 668 1319 ac
676 1269 788 1334 saepius
797 1268 943 1336 superbia:

134 1338 204 1390 nihil
224 1339 299 1390 domi
319 1339 489 1406 inpudicum,
509 1339 564 1389 nisi
584 1338 767 1390 dominationi
787 1339 943 1405 expediret.

88 1411 116 1482 ff,
134 1408 234 1476 cupido
246 1409 305 1460 auri
315 1410 442 1467 inmensa
451 1409 597 1460 obtentum
607 1406 741 1471 habebat,
759 1411 838 1478 quasi
853 1410 943 1462 subsi-

115 1485 121 1539 χ
134 1479 211 1532 dium
221 1479 317 1549 Regno
333 1483 488 1547 pararetur.
647 1519 650 1524 „
868 1508 875 1520 ι
918 1519 919 1522 ¹
1013 1527 1014 1532 ,

121 1549 124 1556 ’
187 1548 261 1602 Vlll.
284 1550 338 1601 Die
349 1550 509 1616 nuptiarum
521 1547 633 1602 Silanus
643 1549 696 1601 sibi
706 1552 825 1601 mortem
835 1549 945 1602 consci·
1013 1581 1014 1606 2

133 1620 186 1670 rit:
204 1620 405 1689 siveeousque
416 1634 493 1685 spem
507 1621 583 1671 ritae
599 1619 784 1684 produxerat,
796 1632 854 1670 seu
865 1619 944 1671 dele·
964 1632 966 1636 ’
1013 1633 1014 1650 ³

69 1710 72 1715 ·
135 1694 179 1739 cto
190 1688 245 1749 die,
256 1689 411 1754 augendam
424 1687 459 1737 ad
469 1687 611 1738 invidiam.
648 1687 771 1751 Calvina,
780 1703 861 1740 soror
871 1690 943 1751 eius,
1013 1695 1014 1704 ¹

133 1752 216 1812 ltalia
231 1756 312 1821 pulsa
328 1761 379 1808 est.
414 1756 530 1820 Addidit
538 1754 684 1819 Claudius,
704 1772 784 1809 tuero
794 1756 944 1827 exlegibus

138 1822 214 1877 Tulli
223 1822 321 1893 Regis,
336 1824 500 1893 piaculoque
510 1824 586 1891 opud
593 1824 681 1876 lucum
692 1821 802 1879 Dicam
808 1841 860 1893 per
869 1826 944 1881 Pon·

135 1892 222 1963 tiriaca
232 1894 335 1946 doado:
353 1894 541 1949 inridentibus
551 1895 667 1958 cunctis,
678 1896 752 1962 quod
762 1910 870 1962 poenae
879 1910 944 1963 pm.

135 1965 349 2031 curationesque
359 1964 458 2015 incesti
469 1962 498 2012 id
510 1963 647 2031 temporis
657 1965 879 2031 exquirerentur.
906 1965 945 2017 At
957 1987 961 1996 ·

109 2082 111 2087 ,
133 2028 299 2100 Agrippina,
318 2046 353 2085 ne
368 2031 449 2083 malis
463 2036 571 2081 tantum
587 2030 758 2084 facinoribus
773 2040 944 2098 notesceret,
1013 2088 1015 2093 ,

133 2102 242 2154 uernam
255 2101 346 2153 exsilii
357 2115 407 2167 pro
418 2101 531 2152 Annaeo
544 2098 664 2165 Seneca,
683 2101 769 2153 simul
776 2100 943 2155 Praeturam

132 2173 277 2239 impetrat,
296 2170 402 2223 laetum
417 2172 446 2223 in
461 2169 602 2237 publicum
612 2176 683 2235 rata,
699 2172 734 2223 ob
745 2170 877 2224 claritudi
895 2188 944 2225 em

133 2239 292 2293 studiorum
303 2242 372 2303 eius,
386 2246 472 2313 utque
483 2239 602 2291 Domitii
611 2242 734 2307 pueritia
742 2240 795 2292 tali
804 2244 943 2308 magistro

126 2308 320 2371 *adolesceret
332 2314 361 2365 et
370 2308 494 2362 consiliis
505 2309 629 2360 eiusdem
642 2310 677 2360 ad
687 2324 764 2376 spem
775 2310 911 2362 dominati
928 2366 931 2371 ,

133 2380 178 2429 nis
188 2382 327 2429 uteretur:
346 2379 412 2444 quia
427 2376 534 2429 Seneca
547 2375 619 2428 lidus
633 2378 661 2428 in
672 2380 866 2446 Agrippinam,
919 2395 945 2435 e·
1013 2427 1015 2451 ι

133 2448 223 2499 moria
232 2446 371 2509 beneficii,
382 2452 411 2505 et
421 2444 547 2497 infensus
557 2445 685 2511 Claudio,
700 2447 800 2501 dolore
809 2448 895 2500 iniuri
906 2483 908 2488 -

134 2515 325 2570 credebatur(
368 2568 373 2583 ι
863 2557 865 2562 ,
1013 2547 1014 2572 2

73 2604 90 2621 ⁸
185 2584 234 2639 ix.
253 2583 390 2639 Placitum
400 2580 513 2649 dehinc,
523 2597 579 2639 non
589 2583 666 2640 ultra
676 2587 816 2660 mactari:
834 2584 884 2638 setl
922 2617 950 2658 ¹·
1013 2605 1015 2630 ι
