2034 3025
69 112 76 122 ¹
169 106 978 211 Q

169 219 278 283 lentos,
302 216 479 285 ignorantis3
499 214 549 265 ille
559 219 723 273 constanter
733 229 852 268 exorsus
864 223 909 269 est
919 235 979 272 ear·

171 303 251 352 mcn,
278 301 358 354 quo,
377 285 515 349 ¹assolutum
524 299 584 334 eum
594 284 654 334 aede
660 283 758 351 patrio
769 285 980 354 redarguerunt·

172 358 223 422 mia
235 354 456 426 significabatur.
466 353 548 406 Vnde
560 357 624 404 orta
633 355 978 423 miseratiomanifestior,

173 430 239 498 quia
267 424 520 477 dissimulationem
545 436 603 474 nox
628 424 796 474 et‘lasciria
821 434 977 479 exemerat

172 498 264 560 Nero,
288 493 434 544 intellecta
443 491 563 555 invidia,
588 489 682 543 odlunr
693 492 828 544 intendit:
851 499 979 563 urgenti-

171 567 280 632 busque
292 563 459 629 Agrippinae
470 561 567 623 minis,
593 562 659 628 quia
670 561 775 612 nullum
786 563 906 626 crimen,
929 580 979 617 ne·

173 651 227 704 que
237 634 334 684 iubere
350 631 463 682 caedem
480 627 579 696 fratris
594 631 686 696 palam
703 630 837 694 audebat,
867 634 979 686 occulta

119 758 122 762 ,
172 703 301 756 molitur:
324 699 473 768 pararique
484 715 612 752 tenentem
622 700 714 762 iubet,
734 701 864 752 ministro
874 699 979 754 Pollio-

154 809 157 814 -
172 789 208 824 ne
220 771 304 833 lulio,
334 769 498 820 Praetoriae
514 767 639 819 cohortis
650 769 790 830 Tribuno,
819 769 899 821 cuius
910 787 979 824 cura

172 841 355 892 adtinebatur
366 837 497 888 damnata
506 833 634 887 veneficii
645 838 756 888 nomine
767 836 899 902 Locusta,
910 841 979 892 mul·

171 917 203 962 ta
211 908 348 960 scelerum
362 906 445 957 fama.
481 905 566 966 Nam,
593 910 626 956 ut
635 909 777 972 proximus
788 907 905 975 quisque
914 910 978 961 Bri·

170 980 284 1031 tannico
295 991 386 1044 neque
396 975 439 1026 ias
450 989 541 1042 neque
556 973 642 1025 fidem
653 976 733 1042 pensi
746 973 877 1039 haberet,
910 979 994 1031 olims

171 1049 313 1116 provisum
326 1049 396 1098 erat.
433 1043 557 1095 Primum
566 1059 705 1096 venenum
719 1043 754 1096 ab
765 1046 834 1110 ipsis
845 1045 978 1099 educato·

170 1118 248 1172 ribus
260 1117 375 1181 accepit,
394 1115 620 1181 transmisitque,
641 1113 771 1165 exsoluta
780 1113 856 1176 alvo,
875 1129 977 1181 parum

80 1165 92 1249 f
169 1185 302 1248 validum,
314 1188 372 1235 sive
382 1188 635 1249 temperamentum
646 1183 747 1244 inerat,
762 1198 798 1233 ne
808 1185 903 1234 statim
914 1199 978 1237 sae.

170 1257 252 1307 viret.
289 1252 344 1304 Sed
354 1251 445 1314 Nero,
466 1252 539 1303 lenti
549 1252 665 1303 sceleris
675 1253 828 1318 inpatiens,
847 1253 977 1305 minitari

94 1320 100 1331 '
171 1326 313 1386 Tribuno,
342 1320 612 1388 iuberesuppb'ca'om
626 1320 772 1390 veneficae,
801 1321 884 1386 qood,
912 1322 977 1376 dum

170 1389 475 1460 commomlespiciunt,
496 1389 857 1462 donaporontdefeam'onea,
877 1392 978 1444 securi·

54 1439 83 1521 ³³
171 1473 255 1521 tatem
266 1462 446 1517 morarentur.
481 1456 979 1529 Promitterstibusdeintompraeei·

168 1532 253 1607 pitens
270 1549 372 1595 neceto,
400 1530 523 1599 quamsi
533 1531 615 1613 ferro
627 1538 787 1600 urgeretur,
819 1532 978 1585 cubiculum

172 1606 300 1659 Caesaris
312 1606 391 1655 iuxta
396 1638 404 1666 ‚
423 1602 686 1669 decoquiturrirus,
704 1600 827 1669 cognitis
838 1605 979 1656 anteave·

171 1673 397 1741 nenisrapidum.
527 1718 530 1721 .
810 1678 816 1682 ·

210 1742 296 1795 'XV1.
315 1742 379 1793 Mos
390 1737 556 1799 habebatur,
575 1736 733 1803 Principum
743 1736 850 1789 liberos
861 1753 925 1793 cum
934 1756 979 1794 co·

170 1814 243 1867 teris
254 1812 329 1863 idem
339 1810 441 1861 aetatis
452 1807 593 1859 nobilibus
604 1804 738 1857 sedentes
749 1807 832 1868 vesci,
843 1808 978 1877 inadspe.

171 1889 218 1935 ctu
229 1882 458 1948 propinquorum,
479 1877 593 1943 propria
604 1878 634 1925 et
642 1876 888 1940 parcioremensa.
917 1881 979 1932 lllie

172 1952 304 2019 epulante
315 1948 492 2007 Britannico,
517 1946 581 2011 quia
591 1942 669 1994 cibos
679 1948 818 2011 potusque
830 1946 891 1999 eius
901 1948 978 2001 delc-

172 2029 234 2077 ctus
246 2033 281 2072 cx
292 2018 428 2069 ministris
438 2020 526 2082 ¹gustu
536 2012 717 2079 explorabat,
747 2029 783 2065 ne
795 2016 978 2071 omitteretur

171 2091 348 2149 institutum,
376 2090 425 2136 aut
434 2084 581 2149 utriusque
591 2087 682 2134 morte
692 2082 861 2148 proderetur
874 2086 978 2151 scelus,

170 2158 239 2213 talis
250 2156 330 2209 dolus
342 2159 472 2222 repertus
488 2158 541 2204 est.
575 2152 696 2204 innoxia
711 2150 849 2224 adbuc-ac
862 2169 978 2222 praeca·
1000 2170 1005 2181 ·

77 2239 80 2242 ’
170 2230 229 2284 lida
240 2233 269 2281 et
277 2226 365 2278 libata
375 2230 461 2291 gustu
470 2222 549 2289 potio
559 2220 870 2283 traditurBritaunico:
899 2223 978 2289 dein,

171 2298 320 2369 postquam
335 2292 447 2345 fervore
466 2291 703 2359 adspernabatur,
732 2290 836 2360 frigida
854 2294 884 2343 in
902 2308 978 2361 aqua

97 2393 102 2412 ι
171 2368 338 2424 adfunditur
356 2377 510 2425 venenum,
540 2361 665 2429 quodita
679 2366 795 2414 cunctos
817 2362 878 2413 eius
895 2368 976 2416 artua

170 2439 304 2509 pervasit,
322 2432 536 2500 utvoxpariter
547 2428 702 2497 etspiritus
712 2438 890 2497 raperentur.
907 2432 977 2484 Tre·

101 2547 106 2555 .
170 2500 601 2578 pidaturaeircumsedentibus,
619 2499 771 2567 diffugiunt
781 2498 975 2567 inprudentes.

171 2582 220 2641 nt,
234 2576 348 2647 ,quibus
364 2570 450 2624 altior
459 2569 635 2632 intellectus,
663 2570 802 2622 resistunt
817 2568 917 2632 defixi,
946 2576 976 2621 et

171 2648 315 2703 Neronem
326 2645 478 2695 intuentes.
495 2700 497 2703 ¹
514 2638 576 2701 llle,
585 2643 618 2691 ut
628 2644 691 2691 erat
701 2632 826 2704 reclinis,
838 2643 869 2690 et
878 2641 974 2691 neseio
