2034 3025
88 87 220 140 mall
242 81 787 155 caP.2a-2t[s.v.7oq.s.C.1⁶.]
820 84 857 140 03

103 187 195 241 xxn.
219 184 355 237 Laudatis
370 198 420 250 pro
431 185 563 235 concione
572 186 735 249 victoribus,
754 190 856 239 cauas

58 257 214 325 congeriem
224 266 365 304 armorum
375 254 619 319 struxit„supsrbo
628 268 691 305 eum
699 256 795 307 titulos
806 270 857 309 os·

57 338 195 378 aunuum
209 336 300 373 aaran
312 336 432 377 aaaron
455 334 600 378 insonat:
619 336 788 375 atriorum
807 338 855 375 n·

56 408 183 447 unorrvu
203 405 314 443 arsuris
332 404 507 443 ausimano
529 404 693 445 normam
712 388 810 444 urard
817 405 857 444 ιτ

57 476 113 515 rovr
135 476 177 513 nr
201 472 331 513 svsvsro
375 472 552 511 sicmvrsss.
579 460 615 513 de
633 476 663 511 se
683 459 753 511 nihil
771 441 858 523 addit,

56 536 128 583 metu
138 529 271 589 invidiae,
281 542 317 578 an
325 532 411 591 ratris,
427 528 622 580 conscientiam
633 528 700 579 faeti
711 531 780 579 satis
788 543 858 581 esse.

56 601 122 651 ltlox
136 597 245 649 bellum
255 598 285 645 in
294 597 470 663 Angrivarios
481 596 615 648 Stertinio
625 598 753 661 mandat,
771 590 800 648 n‘i
811 597 858 649 da·

56 669 187 719 ditionem
203 666 434 731 properavisseut.
461 672 547 732 atque
561 665 604 715 illi
617 667 769 733 suppum,
786 664 858 718 nihil

56 734 217 795 abnuendo,
228 736 335 783 veniam
345 736 467 784 omnium
478 749 620 799 accepere.

103 802 210 855 XXlll.
234 800 302 864 Sed,
322 807 428 854 aestate
437 805 492 853 iam
502 802 613 865 adulta,
626 803 772 874 'legionum
783 803 857 857 elias

54 876 155 926 itinere
166 873 294 922 terrestri
304 872 333 920 in
344 869 548 923 hibernaculsr
567 874 678 924 missas:
689 874 782 939 plures
788 872 856 925 Cu·

54 957 99 993 sar
110 942 195 993 classi
205 941 339 1004 inpositas
350 954 399 1005 per
408 939 510 991 llumsn
520 942 568 991 lim
581 942 650 991 siam
661 943 773 993 Oceano
781 942 857 993 inra-

52 1014 102 1062 xit.
139 1012 179 1063 Ac
193 1009 285 1073 primo
299 1006 437 1073 placidum
453 1023 558 1077 aequor
567 1009 643 1061 mille
653 1013 763 1061 narium
773 1010 858 1061 remis

54 1088 196 1146 strepere,
217 1081 266 1127 aut
280 1078 346 1129 velis
357 1075 476 1142 impelli:
504 1092 569 1127 oron
578 1083 640 1129 atro
651 1080 763 1131 nubium
773 1079 858 1147 globo

55 1148 145 1211 effusa
160 1144 282 1213 grando,
302 1146 387 1196 simul
396 1146 480 1197 variis
490 1146 613 1213 undique
622 1148 750 1213 procellis
759 1148 858 1199 incerti

54 1216 158 1281 fluctus
168 1220 345 1281 prospectum
356 1214 492 1276 adimere,
507 1218 631 1281 regimen
641 1218 789 1282 impedire:
809 1217 858 1266 ml-

55 1286 152 1353 lesque
163 1282 290 1349 pavidus,
300 1289 329 1334 et
338 1298 451 1333 casuum
462 1285 546 1335 maris
553 1290 677 1351 ignarus,
687 1286 753 1337 dum
762 1285 859 1335 turbat

56 1360 169 1414 nautas,
194 1352 240 1402 rel
257 1352 447 1417 intempestive
465 1354 555 1414 iuvat,
575 1356 665 1404 ol'rioia
679 1354 858 1420 prudentium

56 1420 262 1485 corrumpebat.
298 1420 385 1471 Omne
406 1418 505 1471 dehinc
525 1422 631 1472 caelum
647 1428 676 1473 et
691 1434 860 1472 armemus

55 1494 85 1542 in
96 1496 224 1542 austrum
234 1490 323 1552 cessit,
335 1491 381 1556 qui
391 1490 504 1544 tumidis
515 1489 682 1540 Germaniae
692 1491 789 1550 terris,
799 1502 861 1554 pro·

57 1561 152 1612 fundis
163 1560 303 1620 amnibus,
323 1559 455 1609 immenso
466 1560 580 1610 nubium
590 1563 680 1611 tractu
690 1557 812 1617 validus,
832 1562 862 1607 et

58 1632 152 1696 rigore
163 1629 244 1678 ricini
254 1630 460 1692 septemtrionis
471 1627 625 1688 horridior,
638 1628 732 1692 rapuit
741 1626 862 1678 disiecit·

59 1713 110 1764 que
125 1711 212 1748 naves
226 1698 254 1746 in
270 1702 367 1762 aperta
376 1697 492 1759 Oceani,
513 1704 563 1748 aut
578 1696 685 1748 insulas
695 1697 771 1746 saxis
780 1696 860 1747 abru-

58 1769 112 1832 ptis
131 1765 179 1817 uel
197 1780 250 1832 per
268 1765 377 1816 occulta
396 1765 467 1816 vada
480 1765 605 1817 infestas.
623 1766 723 1832 quibus
735 1765 861 1831 paullum

59 1846 198 1903 aegreque
208 1835 315 1895 vitatis,
333 1839 478 1901 postquam
489 1836 617 1886 mutabat
626 1839 732 1896 aestus,
752 1835 862 1885 eodem·

59 1920 120 1971 que,
142 1917 199 1969 quo
220 1907 331 1964 ventus,
352 1901 473 1965 ferebat3
493 1917 549 1954 non
569 1902 722 1955 adhaerere
741 1906 861 1964 ancoris,

58 1988 113 2023 non
124 1970 275 2022 exhaurire
284 1971 466 2036 inrumpentis
476 1972 564 2022 undas
575 1978 715 2038 poterant:
737 1975 811 2040 equi,
821 1975 863 2022 iu·

58 2045 162 2102 menta,
178 2041 311 2100 sarcinae,
331 2040 414 2090 etiam
426 2052 503 2092 arma
513 2043 739 2107 praecipitantur,
760 2056 814 2109 quo
824 2041 862 2092 le·
898 2047 904 2056 ‘

59 2114 193 2162 narentur
202 2108 283 2171 alvei,
298 2113 441 2161 manantes
452 2123 501 2174 per
512 2109 616 2172 latera,
634 2115 664 2161 et
673 2108 759 2161 lluetu
769 2124 864 2177 supera

59 2182 184 2246 urgente.

107 2245 210 2298 XXIV.
235 2245 347 2317 Quanto
365 2247 514 2298 violentior
532 2252 627 2300 cetero
642 2249 715 2300 mari
728 2247 864 2312 Oceanus,

61 2321 87 2366 et
100 2315 275 2366 truculentia
292 2315 362 2366 caeli
378 2320 502 2381 praestat
512 2317 675 2381 Germania,
694 2324 803 2369 tantum
814 2317 865 2369 illa

60 2384 156 2435 elades
170 2386 294 2435 novitate
306 2389 340 2442 ¹et
355 2385 544 2452 magnitudine
560 2389 692 2447 excessit,
716 2385 863 2437 hostilibus

61 2455 164 2504 eireum
174 2452 316 2514 litoribus,
333 2457 382 2502 aut
391 2455 431 2503 ita
440 2459 519 2504 vasto
529 2461 558 2506 et
568 2455 719 2520 profundo,
730 2461 762 2504 ut
772 2455 866 2503 creda·

60 2528 106 2573 tur
126 2523 304 2572 novissimum
325 2536 357 2572 ae
376 2523 435 2574 sine
450 2524 546 2584 terris,
568 2537 654 2573 mare.
674 2537 740 2586 pars
755 2521 866 2568 narium

60 2587 177 2646 haustae
192 2596 270 2654 sunt3
290 2589 390 2656 plures
398 2591 472 2658 apud
485 2583 591 2642 insulas
604 2591 716 2657 longius
730 2588 799 2635 sitas
814 2585 869 2632 eia·

760 2695 771 2725 t

172 2716 178 2736 l

73 2775 88 2802 st
179 2753 189 2783 λ
