2034 3025
98 7 145 60 N

141 125 179 179 aa
282 99 513 191 ‚suasurum
530 119 576 188 [A.
588 137 644 191 77¹·
664 118 738 172 nc.
751 118 805 189 ιε]

143 229 339 281 Germanicum
352 222 536 277 contumelias
555 225 660 275 iacere:
679 224 843 291 quibusdam
865 229 952 280 etlam

141 298 280 349 bonorum
291 295 411 348 militum
422 294 458 345 ad
468 294 544 344 ulula
559 294 691 363 obsequia
704 296 847 360 promptis,
866 297 952 363 quod,

137 366 311 487 {inaudientiae
320 365 491 434 Imperatore
501 361 614 433 easteri,
634 362 759 414 occultus
769 377 867 416 rumor
876 370 957 418 ince·'

73 462 76 468 ·
162 438 235 489 ebat.
408 449 411 454 ·
537 461 538 465 =
597 474 598 477 ,

191 506 265 559 LVI.
283 504 359 558 Nota
367 501 437 555 haec
447 499 627 564 Germaniam
647 500 953 569 sedpraerertiadilr-

139 577 247 628 menios
261 575 410 625 instantior
424 588 490 623 cura
504 571 566 622 fuit.
601 570 736 638 Ambigua
750 587 817 639 gens
832 587 866 623 ea
880 575 954 625 anti·

140 648 235 713 quitus
249 644 392 695 hominum
406 642 524 710 ingeniis
539 646 567 692 et
576 642 631 691 situ
642 645 795 703 terrarum,
815 657 883 709 quo,
903 658 952 694 no-

128 717 206 767 ·stris
216 714 363 781 provinciis
374 712 432 764 late
441 716 600 778 praetenta,
611 710 722 776 penitus
733 710 768 762 ad
778 712 878 763 Medos
888 727 951 778 por·

138 786 252 851 rigitur3
277 784 459 849 maximisque
478 780 603 847 imperiis
618 780 771 843 interiecti,
796 787 824 831 et
838 784 952 847 saepius

139 853 283 906 discordes
293 851 506 914 sunt‚adversus
516 851 656 901 Romanos
667 850 773 901 odioet
782 852 808 900 in
816 848 957 923 Parthum

137 923 251 974 invidia.
287 923 392 989 Regem
402 920 452 971 illa
461 924 628 985 tempestate
638 933 693 970 non
704 912 951 982 habebant,amoto

138 992 269 1045 Vonone:
297 992 347 1042 sed
362 990 441 1043 favor
455 990 576 1041 nationis
592 988 743 1041 inclinabat
757 991 786 1048 in
800 991 952 1055 Zenonem,

106 1067 113 1076 ⁴
137 1060 299 1114 Polemonis
308 1061 391 1128 Regis
402 1059 511 1112 Pontici
525 1058 627 1122 lilium,
647 1059 722 1127 qnod
732 1060 756 1109 is
766 1060 856 1126 prima
867 1061 901 1113 ab
912 1062 954 1112 in·

137 1130 242 1193 santia,
265 1131 396 1182 instituta
414 1135 443 1181 et
457 1128 560 1180 cultum
576 1129 769 1180 Armeniorum
784 1129 952 1195 aemulatus,

137 1206 255 1261 renato,
270 1200 360 1267 epulis
375 1204 405 1251 et
418 1214 489 1266 quae
499 1198 556 1249 alla
565 1197 677 1249 barbari
688 1196 844 1261 celebrant,
854 1214 952 1265 proce·

138 1284 185 1322 res
195 1269 359 1337 plebemque
370 1271 449 1320 iuxta
458 1266 629 1320 devinxerat.
665 1267 757 1334 Igitur
768 1266 951 1335 Germanicus

95 1345 99 1351 “
137 1339 170 1398 in
185 1340 253 1390 urba
262 1340 410 1400 Artaxata,
430 1337 649 1403 adprobantibus
663 1338 814 1401 nobilibus,
833 1339 951 1390 circum·

139 1407 203 1460 fusa
213 1407 514 1475 multitudine,insigue
525 1407 632 1475 regium
643 1408 728 1473 capiti
739 1409 797 1459 eius
809 1410 952 1473 imposuit.

140 1480 227 1532 ceteri
242 1485 407 1532 venerantes
422 1478 540 1546 Regem,
561 1476 710 1530 Artaxiam
725 1478 952 1544 consalutavere3

139 1549 216 1617 quod
229 1548 273 1600 illi
282 1549 446 1602 vocabulum
457 1547 617 1599 indiderant
628 1549 783 1600 ex-nomine
794 1549 878 1600 urbis.
914 1551 953 1602 At

141 1619 330 1685 Cappadoces,
349 1621 377 1669 in
389 1617 507 1669 formam
517 1619 675 1683 provinciae
685 1617 805 1681 redacti,
820 1619 853 1680 Q.
863 1618 952 1672 Vera.

139 1689 217 1738 nium
228 1688 365 1754 Legatum
378 1702 519 1753 accepere:
540 1692 568 1738 et
578 1680 713 1755 quaedam
724 1702 758 1741 ex
769 1689 853 1754 regiis
863 1688 952 1740 tribu-

140 1758 178 1807 tis
189 1758 344 1819 deminuta,
363 1770 417 1823 quo
427 1757 523 1807 mitius
533 1755 687 1808 Romanuin
699 1757 844 1822 imperium
855 1773 951 1825 spera·

139 1830 228 1903 requi.
265 1826 457 1892 commagenis
473 1825 507 1886 Q.
523 1823 658 1877 Servaeus
673 1829 868 1894 praeponitur,
887 1833 949 1880 tum

138 1895 260 1963 primum
272 1895 307 1945 ad
318 1895 360 1944 ius
370 1893 511 1946 Praetoris
522 1896 674 1948 translatis.

192 1963 279 2020 Lvdl.
298 1965 458 2031 Cunctaque
464 1965 579 2035 socialia
589 1967 722 2032 prospere
733 1967 885 2032 composita
894 1981 950 2018 non

138 2032 203 2084 idco
222 2032 328 2084 laetum
349 2033 543 2086 Germanicum
563 2033 713 2097 habebant,
739 2036 774 2086 ob
793 2031 951 2102 superbiatis

98 2133 103 2147 ,
138 2100 261 2164 Pisonis,
280 2104 344 2177 qui,
366 2102 458 2154 iussus
476 2109 585 2170 partem
603 2103 751 2172 legionum
759 2106 820 2172 ipse
836 2111 885 2156 aut
900 2121 952 2173 per

139 2171 229 2223 lilium
252 2173 281 2221 in
301 2172 582 2238 Armeniamducere,
608 2180 756 2241 utrumque
776 2175 951 2242 neglexerat.

136 2244 209 2307 cyrri
219 2241 343 2305 demum,
356 2243 431 2308 apud
440 2241 557 2296 biberim
567 2244 700 2295 decumae
710 2245 843 2311 legionis,
853 2260 952 2299 conve·

138 2325 220 2373 nere,
230 2312 341 2361 firmato
351 2311 446 2375 vultu,
474 2311 540 2365 Piso
552 2314 682 2365 adversus
693 2319 812 2376 metum,
833 2315 950 2368 Germa-

138 2380 230 2443 nicus,
249 2396 284 2432 ne
299 2382 398 2432 minari
409 2379 584 2434 crederetur:
604 2388 633 2434 et
643 2387 715 2444 erat,
734 2390 767 2433 ut
777 2385 876 2448 retuli,
896 2385 951 2438 cle·

45 2499 49 2504 ,
105 2501 111 2508 ,
139 2451 268 2502 mentior.
288 2451 337 2502 sed
351 2452 445 2515 amici,
464 2453 647 2504 accendendis
663 2451 951 2506 offensionibuscalli-

139 2518 182 2582 di,
191 2520 336 2571 intendere
347 2533 427 2582 vera,
438 2520 573 2588 adgerere
585 2520 816 2590 falsaipsumque
828 2530 857 2574 et
867 2524 951 2575 Plan·

140 2590 228 2640 cinam
241 2594 271 2639 el·
281 2589 352 2640 filios
362 2591 445 2642 variis
456 2591 545 2642 modis
556 2591 704 2642 criminari.
723 2599 951 2660 postremapau·

140 2658 179 2708 eis
194 2657 374 2711 familiarium
388 2649 533 2725 adhibitis,
548 2674 643 2740 sermo
660 2667 776 2730 coeptus·
789 2665 950 2728 accesere,
