2034 3025
159 134 209 224 ⁴06
299 127 525 188 ANNaleu
544 133 588 202 [A.
597 138 630 190 V.
642 153 700 206 772.
719 137 856 210 A.C.19.]

177 214 978 237 .....-.-.--......-.....-.-.,.....-.,,

131 286 134 292 Α
172 252 216 307 to,
235 260 284 295 ear
294 242 323 295 in
333 258 417 295 uxore
429 244 520 296 delicti
533 244 680 317 manifesta
697 246 825 298 altionem
835 246 903 316 legis
915 247 982 302 omi·

172 313 268 377 asset?
278 318 361 380 atque
370 313 421 364 illo
432 312 643 379 praetendente,
653 315 797 385 sexaginta
808 315 863 367 dies
874 317 911 368 ad
919 336 981 371 ean·

171 383 326 436 euitandam
336 382 427 445 dates,
447 384 558 435 necdum
564 385 743 450 praeterisse,
763 388 832 435 satis
843 388 931 437 visum
945 388 980 441 de

109 482 111 486 .
170 452 285 506 Vistilia
294 456 429 504 statuere:
452 467 541 520 eaque
556 456 586 503 in
600 454 719 506 insulam
730 453 867 519 Seriphon
884 457 982 510 abdita

172 527 225 574 est.
247 522 345 573 Actum
357 528 386 573 et
395 522 430 573 de
440 526 526 573 saeris
537 525 683 593 Aegyptiis
692 523 865 590 ludaieisque
875 526 981 591 pellen-

128 614 130 622 s
173 590 229 643 dis:
241 590 400 658 factumque
410 590 526 643 Petrum
538 594 707 656 consultum,
723 600 754 643 at
764 601 881 660 quatuor
890 594 981 648 miliia

171 658 294 713 libertini
299 660 419 729 generis,
435 676 467 712 ea
477 662 792 734 superstitioneinfeeta,
812 662 872 731 qais
881 663 981 717 idonea

165 738 264 792 aetas,
284 728 314 780 in
326 728 445 783 insulam
456 729 613 785 Sardiniam
622 730 783 783 veterentur
789 769 797 795 ,
817 734 979 785 coercendis

171 800 230 850 illie
240 799 404 869 latrociniis,
421 798 457 863 et,
466 804 491 851 si
502 802 536 852 ob
548 804 712 869 gravitatem
725 801 796 852 coeli
806 803 979 864 interissent,

170 868 227 921 vile
239 869 382 920 damnum:
400 870 486 922 ceteri
494 872 620 923 cederent
629 870 725 935 Italia,
735 870 901 926 nisi'certam
912 880 978 925 ante

102 990 111 1001 ,
171 937 241 990 diem
252 936 386 1008 profanos
396 939 469 990 ritae
479 939 625 993 exuissent.
927 956 939 969 “

224 1006 376 1060 LXXXVI.
396 1007 464 1059 Post
484 1024 554 1075 quae
574 1010 674 1061 retulit
688 1008 799 1073 Caesar,
818 1007 977 1077 capiendam

118 1076 123 1083 ’
170 1077 305 1146 virginem
324 1075 354 1128 in
372 1079 458 1130 iocum
471 1074 594 1143 Occiae,
604 1094 673 1147 quae
688 1084 794 1145 septem
805 1084 834 1131 et
844 1082 978 1146 quinqua·

157 1147 308 1214 ’gintaper
318 1161 413 1210 annos,
433 1158 542 1199 summa
557 1150 745 1212 sanctimonia,
765 1146 926 1200 Vestalibus
935 1164 977 1199 sa-

170 1218 226 1266 eris
237 1216 428 1281 praesederat:
445 1219 556 1285 egitque
566 1224 660 1285 grates
671 1219 788 1271 Fonteio
799 1220 937 1285 Agrippae
948 1224 977 1269 et

169 1284 296 1337 Domitio
307 1285 440 1348 Pollioni,
461 1289 540 1355 quod,
551 1286 786 1357 offerendafiie‘ae,
806 1288 837 1339 de
848 1287 938 1354 officio
948 1287 976 1339 in

169 1352 311 1422 Rempabi.
322 1364 467 1408 certarent.
496 1357 622 1421 praelata
633 1363 675 1409 est
686 1357 819 1409 Pollionis
830 1358 901 1421 iilia,
921 1372 977 1409 non

170 1423 307 1488 abaliud,
327 1440 408 1493 quam
424 1426 498 1498 quod
514 1432 605 1477 mater
620 1428 679 1479 eius
695 1429 724 1477 in
739 1427 836 1481 eodem
848 1428 976 1495 coniugio

169 1495 309 1549 manebat.
332 1512 396 1548 nam
406 1496 529 1563 Agrippa
539 1496 653 1548 discidio
666 1496 777 1550 domum
787 1498 977 1550 imminuerat.

168 1567 208 1618 Et
218 1567 329 1629 Caesar,
340 1567 463 1633 quamvis
473 1565 667 1634 posthabitam,
678 1568 769 1620 decies
779 1569 899 1620 sestertii
911 1568 978 1621 dote

168 1635 277 1688 solatus
289 1641 338 1687 est.
740 1665 743 1671 -

222 1699 390 1757 LXXXVII.
415 1704 564 1757 Saevitiam
584 1722 704 1760 annonae
722 1706 866 1759 incusante
887 1706 976 1775 plebe,

168 1777 269 1826 statuit
279 1773 420 1825 frumento
430 1776 560 1840 pretium,
574 1776 648 1842 quod
660 1781 769 1844 emptor
780 1776 921 1844 penderet,
939 1776 976 1826 di·

168 1859 268 1910 nosque
277 1859 371 1897 numae
381 1859 409 1895 ee
418 1843 576 1907 addituram
587 1846 803 1912 negotiatoribus
813 1845 843 1898 ia
853 1846 976 1915 singalas

168 1912 277 1965 modias.
312 1911 409 1980 Neque
418 1917 512 1964 tamen
525 1915 559 1965 ob
571 1931 605 1966 ea
614 1915 746 1968 Parentis
756 1914 882 1978 Patriae,
903 1915 977 1967 dela-

168 1989 228 2033 tum
240 1995 268 2035 et
279 1987 369 2043 antea,
384 1982 550 2042 vocabulum
561 1985 706 2049 adsumsit,
722 1985 877 2052 acerbeque
888 1986 976 2036 inere·

168 2053 229 2122 puit
243 2065 301 2114 eos,
322 2054 368 2118 qui
381 2049 497 2114 Divinae
513 2054 709 2122 occupationes,
728 2056 872 2122 ipsumque
882 2051 978 2105 Domi·

167 2136 231 2174 nara
251 2121 389 2172 dixerant,
414 2121 488 2172 unde
508 2130 626 2190 angusta
641 2130 670 2176 et
684 2123 793 2176 lubrica
812 2125 903 2176 oratio
922 2124 976 2174 sub

166 2188 308 2312 &incipe
339 2192 387 2260 qui
412 2190 571 2244 libertatem
596 2194 752 2259 metuebat,
783 2193 976 2250 adulationem

206 2266 274 2313 erat.

52 2359 55 2365 ·
140 2388 142 2391 ,
204 2328 400 2390 ,Lxxxvun
418 2330 538 2397 Reperio
559 2331 634 2400 apud
648 2333 798 2400 scriptores
813 2329 975 2385 Senatores

167 2413 221 2468 qne
241 2399 395 2452 eorundem
414 2407 584 2467 temporum,
608 2401 815 2468 Adgandestrii,
839 2402 977 2468 Principis

168 2469 321 2532 Cattorum,
340 2469 429 2521 lectas
443 2472 472 2520 in
489 2469 594 2522 Senatu
608 2471 727 2536 litteras,
748 2473 846 2554 quibus
863 2481 977 2540 orestem

165 2535 286 2591 tirocinii
294 2539 486 2605 promittebat,
506 2539 533 2604 ai
537 2539 694 2607 patrandae
705 2557 765 2593 nece
775 2557 903 2596 venenum
914 2541 976 2593 erait·
997 2574 1004 2580 -

167 2615 287 2660 teretur.-
307 2623 469 2673 responsum
481 2624 553 2671 esse,
563 2624 617 2660 aon
627 2610 742 2680 fraude,
757 2624 840 2679 neque
852 2609 977 2674 occultis,

165 2677 312 2746 eedpaIane
323 2686 350 2732 et
362 2686 499 2729 aretatem
509 2677 645 2745 Pepaiam
652 2676 805 2734 Raraunum
815 2677 905 2734 bootes
913 2695 977 2732 aaa»
