2034 3025
82 161 103 186 -·
169 156 221 207 na
238 124 455 207 runrrnomc.
466 146 551 199 mm
564 130 768 197 cneio-21.
786 144 957 213 [avesa]

169 274 206 313 ex
216 258 468 318 commendatione,
487 260 537 306 aut
555 255 683 321 precibus
694 254 902 303 centurionum
913 253 986 304 mili·

170 338 213 381 tes
224 332 323 391 accire,
337 327 387 378 sed
398 327 533 392 optimum
545 338 682 392 quemque
693 321 891 372 fidelissimum
903 330 987 389 puta·

170 414 215 451 re:
233 398 326 450 omnia
336 398 417 458 scire,
432 395 592 445 nonomnia
604 393 729 459 exsequi:
748 391 844 457 parvis
854 394 986 456 peccatis

170 470 293 529 veniam,
312 465 420 532 magnis
430 464 605 515 severitatem
616 459 803 512 commodare:
823 474 879 510 nec
890 474 987 526 poena

121 582 126 590 .
171 537 291 603 semper,
306 534 356 585 scd
366 533 477 599 saepius
487 532 658 597 poenitentia
668 534 817 580 contentus
829 543 905 579 esse.
926 530 987 581 olii-

171 607 221 657 ciis
231 614 260 656 et
268 600 714 666 administrationibuspotiusnon
725 602 895 663 peccaturos
905 614 987 665 prae-

171 688 285 740 ponere,
305 686 386 739 quam
398 671 539 730 damnare,
554 684 616 720 eum
627 672 795 733 peccassent.
832 666 986 720 Frumenti

173 744 379 794 attributorum
390 740 562 791 exactionem
574 736 742 806 aequalitate
753 750 907 787 munerum
919 738 985 787 mol

172 813 234 873 lire,
247 809 423 869 circumcisis,
438 822 519 875 quae,
534 809 563 857 in
574 812 718 873 quaestum
729 812 853 870 reperta,
864 806 928 871 ipso
940 808 985 856 tri-

172 882 240 931 buto
260 877 372 943 gravius
391 876 596 927 tolerabantur.
618 890 736 942 uanique
756 888 808 939 per
828 872 983 926 ludibrium

173 946 301 999 adsidere
312 944 415 995 clausis
425 942 543 1007 horreis,
555 948 584 997 et
595 959 686 995 emere
697 943 772 994 ultro
783 942 944 1005 frumenta,
954 958 985 994 ae

172 1014 293 1067 rendere
303 1016 394 1081 pretio
405 1014 585 1082 cogebantur.
604 1014 731 1065 devortia
741 1013 878 1063 itinerum
889 1018 919 1064 et
930 1014 987 1064 lon-

174 1087 221 1154 gin
243 1085 313 1135 uitas
324 1085 468 1151 regionum
477 1083 661 1145 indicebatur,
681 1088 713 1132 ut
723 1083 851 1133 civitates
863 1096 882 1131 a
893 1084 986 1148 proxi-

173 1157 227 1206 mis
257 1154 360 1204 ibernia
370 1156 399 1204 in
409 1157 519 1204 remota
529 1157 557 1204 et
567 1154 629 1203 avia
638 1151 786 1213 referrent,
797 1150 900 1215 donee,
910 1150 986 1220 quod

176 1222 305 1275 omnibus
314 1223 344 1273 in
354 1226 484 1288 promptu
494 1222 668 1287 erat,.pauois
677 1222 818 1273 lucrosum
828 1220 927 1273 tieret.

210 1290 282 1341 XX.
298 1292 378 1342 Haeo
389 1292 477 1357 primo
488 1291 582 1341 statim
594 1305 666 1342 anno
676 1290 898 1357 comprimendo,
911 1304 988 1359 egre-

175 1363 249 1428 giam
259 1359 361 1411 famam
372 1362 434 1427 paci
444 1359 639 1422 circumdedit;
658 1375 729 1427 quae
739 1359 785 1411 vel
794 1360 926 1423 incuria,
946 1358 989 1409 rel

176 1430 328 1481 tolerantia
343 1431 481 1494 priorum,
502 1426 576 1479 haud
595 1432 685 1479 minus
696 1428 898 1497 quambellum
909 1430 990 1479 time-

175 1501 267 1552 batur.
300 1496 372 1580 §ed,
392 1499 438 1549 ubi
451 1502 543 1549 aestas
554 1497 679 1562 advenit,
693 1504 837 1551 contracto
850 1499 990 1560 exercitu,

83 1579 100 1594 “
176 1569 296 1620 militum
307 1584 335 1617 m
346 1568 454 1634 agmine
470 1567 585 1619 laudare
595 1567 776 1630 modestiam,
796 1568 936 1619 disiectos
948 1583 991 1618 co·

178 1652 286 1689 eruere:
306 1636 368 1686 loea
383 1637 482 1688 castris
496 1637 555 1701 ipse
572 1651 684 1702 capere:
704 1639 845 1688 aestuaria
855 1651 890 1686 ac
899 1635 991 1687 silvas

178 1709 237 1772 ipse
250 1711 441 1772 praetentare:
459 1710 488 1756 et
502 1705 572 1756 nibil
589 1705 701 1756 interim
712 1705 785 1770 apsrd
800 1703 898 1755 hostes
911 1707 992 1771 quio·

175 1782 235 1827 tum
247 1776 321 1841 pati,
343 1789 397 1842 quo
408 1776 497 1823 minus
507 1773 607 1823 subitis
619 1776 781 1825 excursibus
791 1774 991 1840 popularetur.

176 1851 270 1911 atque,
289 1843 337 1892 ubi
356 1845 424 1892 satis
444 1846 592 1904 terruerat,
612 1844 750 1907 parcendo
769 1857 867 1893 rursus
886 1843 992 1894 inrita-

176 1918 270 1962 menta
279 1911 354 1975 pacis
365 1915 516 1962 ostentare.
553 1911 658 1972 Quibus
673 1913 755 1963 rebus
769 1911 876 1962 multae
890 1913 993 1962 cirita-

175 1986 230 2040 tes,
241 1993 312 2044 quae
322 1980 352 2029 in
362 1979 442 2029 illum
453 1980 527 2031 diem
539 1995 674 2047 exaequo
686 1985 809 2048 egerant,
829 1979 906 2034 uatis
918 1982 992 2031 obsi-

176 2047 265 2109 dibus,
284 2049 355 2098 iram
374 2062 503 2113 posuere,
524 2054 553 2100 et
573 2048 716 2113 praesidiis
736 2048 922 2116 castellisque
938 2053 991 2100 cir-

177 2115 334 2177 eumdatae,
354 2119 553 2168 tentaratione
565 2131 696 2184 curaque,
717 2122 749 2166 ut
759 2116 838 2168 nulla
848 2123 920 2170 aute
930 2119 987 2170 Bri

177 2185 290 2238 tanniae
302 2197 373 2234 nora
383 2198 447 2248 pars
457 2185 616 2236 inlacessita
626 2187 775 2236 transierit.

230 2252 304 2304 xxi.
328 2252 452 2320 Sequens
473 2252 562 2304 hiems
582 2253 772 2305 saluberrimis
793 2253 924 2306 consiliis
945 2257 987 2306 ab·

178 2329 297 2388 sumpta.
313 2336 454 2393 namquo,
473 2327 505 2372 ut
517 2321 643 2374 homines
654 2323 773 2388 dispersi
784 2337 816 2372 ac
827 2322 930 2386 rudes,
947 2339 987 2376 eo·

179 2393 272 2457 quein
283 2391 357 2442 bello
369 2390 478 2453 faciles,
498 2393 584 2458 quieti
596 2396 624 2442 et
635 2394 692 2442 otio
707 2406 756 2458 per
767 2390 935 2456 voluptates
945 2393 989 2444 ad·

179 2464 352 2522 suesoerent,
372 2457 478 2508 hortari
499 2462 639 2524 privatim,
660 2461 793 2512 adiuvare
813 2460 942 2524 publice,
960 2467 992 2512 ut

178 2526 291 2590 templa,
302 2526 372 2588 fora,
383 2526 481 2577 domus
489 2533 674 2591 exstruerent,
683 2529 822 2580 laudando
830 2537 994 2598 promptos,

170 2601 207 2643 st
217 2595 379 2660 castigando
390 2610 496 2662 segnes.
526 2597 566 2644 ita
581 2595 693 2648 honoris
707 2597 862 2649 aemulatio
877 2613 935 2664 pro
947 2617 994 2652 ue

178 2663 307 2713 cessitate
318 2669 386 2742 erat.
421 2663 480 2747 len}
490 2678 557 2716 vero
569 2662 727 2736 Principum
735 2667 808 2720 tilios
820 2665 996 2724 liberalibus

321 2756 357 2790 few
365 2766 381 2781 ι.
