2034 3025
109 113 466 171 malueram-sa.
485 112 772 183 [aaronem
802 112 849 167 rm
925 122 927 127 ·

49 222 183 281 tentibus,
203 222 342 270 onrisisset
354 220 572 283 intempestivam
589 217 761 283 sapientiam.
797 216 851 267 Ob·

48 292 108 341 viae
119 289 197 339 fuere
208 295 237 339 et
254 285 375 353 virgines
386 286 515 338 Vestales
526 300 587 335 cum
600 285 724 351 epistolis
735 284 851 344 Vitellii,

49 358 84 409 ad
95 359 241 410 Antonium
251 356 372 421 seriptis.
390 353 473 407 exitui
481 370 604 421 supremo
614 350 759 404 certamini
769 366 851 403 uuum
878 414 880 419 Ι

52 424 126 487 diem,
153 426 323 491 postulabat:
342 422 366 473 η’
386 439 486 473 enorum
505 421 713 485 intericeirrent,
735 418 852 491 facilius

51 492 139 545 emnia
155 502 327 544 conuentura.
363 491 492 556 Virgines
509 507 571 543 cum
586 489 691 540 honore
705 489 850 539 dinrissaer

50 561 164 613 Vitellio
175 563 349 625 rescriptum,
368 557 464 609 Sabini
474 559 552 611 caede
562 567 590 611 et
598 556 719 611 incendio
730 554 852 623 capitolii

50 626 429 695 diremptabellicommercs'c.
855 652 858 657 -

102 698 240 749 Lxxxu.
276 698 406 749 Tentarit
419 702 513 752 tamen
524 697 674 759 Antonius,
694 698 805 746 vocatas
816 692 851 744 ad

51 768 210 819 concionem
222 766 346 833 legiones
362 767 503 834 mitigare,
522 774 566 830 ut,
583 763 682 818 eastris
695 764 776 815 iuxta
784 778 853 829 poa·

51 844 106 887 tem
114 832 246 885 Muluium
251 835 357 902 puritia,
363 844 474 903 postera
484 834 527 886 die
538 834 628 887 urbem
637 834 852 903 ingrederentur.

51 904 133 955 Ratio
144 904 300 968 cunctandi,
318 921 352 957 ne
363 911 508 972 asperatus
521 904 628 968 proelio
639 903 728 964 miles,
740 917 794 951 non
807 914 853 965 po-

50 972 126 1039 pulo,
137 989 190 1023 non
198 971 359 1036 Senatui,ne
369 974 480 1040 templis
489 973 600 1039 quidem
613 987 645 1022 ac
655 970 853 1031 delubrisDeo÷

51 1056 112 1091 rum
123 1043 287 1093 consuleret
324 1042 377 1092 Sed
390 1056 499 1091 omnem
509 1040 703 1107 prolationem,
723 1045 755 1089 ut
765 1039 853 1087 inimi·
888 1099 891 1103 Ι

51 1124 110 1159 eam
131 1112 278 1173 victoriae,
296 1111 499 1176 suspectabant.
541 1107 628 1159 Simul
650 1108 785 1174 fulgentia
804 1120 854 1172 per

51 1178 137 1229 eolles
147 1179 266 1241 vexilla,
283 1192 450 1246 quamquam
473 1175 583 1235 inbellis
591 1176 716 1243 ..populus
726 1189 853 1243 sequere-

52 1251 109 1309 tur,
128 1250 246 1313 speciem
258 1246 367 1299 hostilis
382 1248 520 1299 exercitus
532 1246 665 1299 fecerant.
699 1245 853 1311 Tripartito

52 1316 170 1381 agmine,
190 1331 261 1382 pars,
275 1321 308 1365 ut
318 1317 474 1379 adstiterat,
487 1315 626 1367 Flaminia
635 1316 688 1378 via,
703 1329 767 1380 pars
777 1314 854 1361 iuxta

27 1392 40 1449 ζ
51 1385 139 1449 ripam
151 1385 259 1435 Tiberis
269 1386 394 1447 incessit3
413 1386 528 1437 tertium
542 1398 641 1450 agmen
657 1398 706 1449 per
716 1380 854 1433 Salariam

28 1460 33 1465 '
53 1451 179 1502 Collinae
194 1457 290 1518 portae
306 1452 518 1521 propinquabat.
554 1452 636 1503 Plebs
651 1450 765 1503 invectis
780 1448 855 1516 equi·

27 1529 34 1537 ’
52 1521 126 1570 tibus
135 1519 211 1571 fusa:
231 1521 310 1574 miles
325 1521 489 1574 Vitellianus
508 1521 588 1572 trinis
598 1526 628 1574 et
640 1521 699 1587 ipse
713 1517 857 1586 praesidiis

30 1597 34 1602 '
53 1589 182 1640 occurrit.
216 1589 328 1640 Proelia
346 1596 411 1643 ante
429 1592 525 1642 urbem
546 1589 634 1642 multa
651 1591 681 1642 et
698 1590 785 1639 varia:
806 1585 855 1637 sed

53 1656 204 1721 Flavianis,
232 1659 348 1711 consilio
367 1661 477 1711 Ducum
496 1659 715 1726 praestantibus,
744 1655 855 1721 saepius
927 1653 929 1658 ’

30 1737 33 1742 ’
52 1740 195 1795 prospera.
230 1727 252 1780 li
267 1733 376 1781 tantum
391 1728 543 1780 conflictati
559 1731 632 1790 sunt,
652 1727 698 1795 qui
709 1727 737 1776 in
747 1730 856 1791 partem

51 1797 192 1847 sinistram
202 1799 290 1858 urbis,
310 1798 345 1848 ad
356 1797 538 1858 Sallustianos
548 1795 659 1859 hortos,
679 1811 728 1862 per
739 1798 856 1862 angusta

53 1870 83 1917 et
97 1864 204 1916 lubrica
217 1869 322 1916 riarum
337 1865 481 1918 flexerant.
517 1865 713 1932 superstantes
728 1863 855 1914 maceriis

52 1932 198 1989 hortorum
209 1935 362 1998 Vitelliani,
381 1934 518 1986 adseram
534 1949 622 2004 usque
632 1930 714 1997 diem,
734 1933 857 1998 saxispi·
954 1925 957 1938 '

26 2013 34 2019 ⁴
52 2001 142 2070 lisque
157 2005 305 2069 subeuntes
319 2006 461 2056 arcebant:
481 2003 571 2056 donec
586 2004 620 2054 ab
638 1996 798 2071 equitibus,
809 2001 855 2068 qui

51 2077 135 2139 porta
155 2072 263 2123 Collina
280 2073 451 2140 inruperant,
471 2069 743 2139 circumvenirentur.
785 2071 855 2122 Con·
928 2124 931 2127 ,
986 2121 987 2124 ,

27 2143 31 2151 “
52 2154 167 2191 currere
177 2147 206 2190 et
216 2141 243 2190 in
253 2156 349 2207 eampo
365 2143 468 2195 Martio
483 2141 602 2194 infestae
612 2143 693 2194 acies.
729 2139 856 2192 l’roFla·
956 2194 963 2200 g

26 2229 31 2235 ·
50 2207 141 2258 vianis
154 2208 281 2260 Fortuna
299 2216 327 2261 et
345 2217 424 2276 parta
441 2207 545 2262 totiens
559 2211 688 2273 victoria3
708 2207 869 2274 Vitellian'g

50 2275 246 2343 desperatione
257 2278 318 2329 sola
329 2281 459 2342 ruebant:
480 2285 517 2344 et,
528 2295 693 2348 quamquam
704 2277 785 2345 pulsi,
795 2283 855 2328 rur·
947 2281 950 2292 '

8 2404 14 2409 ,
27 2362 32 2367 ·
50 2360 100 2397 sus
110 2348 138 2399 iu
149 2347 217 2398 urbe
229 2349 476 2416 congregabantur.
919 2393 925 2398 .

29 2434 32 2439 ·
102 2414 255 2468 Lxxxnl.
291 2417 394 2485 Aderat
413 2412 598 2484 pugnantibus
617 2419 757 2484 spectator
771 2427 854 2480 popu-

46 2482 104 2548 lus,
122 2487 208 2553 utque
219 2487 247 2535 in
257 2485 363 2537 ludicro
374 2487 533 2548 certamine,
548 2485 608 2549 hos,
622 2499 717 2536 rursus
727 2482 790 2534 illos
801 2481 854 2533 ela·

6 2567 28 2594 ¹·
46 2568 130 2606 more
140 2559 169 2605 et
189 2554 287 2621 plausu
306 2555 429 2608 fovebat:
448 2557 577 2623 quotiens
594 2569 658 2622 pars
678 2550 854 2616 altoraineli-

26 2650 29 2654 ·
47 2628 154 2686 nasset,
170 2623 279 2676 abditos
292 2625 322 2676 in
335 2627 467 2691 tabernis,
485 2631 544 2691 aut,
563 2627 586 2678 si
600 2639 682 2693 quam
696 2623 724 2672 in
741 2621 852 2672 domum
960 2679 964 2690 .

88 2693 259 2763 Tncmvsll.
629 2692 655 2747 1.
