2034 3025
6 213 10 218 Ι
122 137 260 192 marr.
282 132 814 210 onr.oam.[rv.772.n.c.10.1
844 134 879 189 ss

71 242 208 303 altitudo,
236 240 322 290 nullis
349 240 545 305 inquirentium
573 242 670 305 spatiis
691 242 881 306 penetrabills.

70 314 146 365 Exin
162 313 276 362 rentum
287 306 491 375 Elephantinen
501 322 534 360 ac
545 306 671 375 Syenen,
681 310 802 361 claustra
813 312 880 365 olim

71 382 192 435 llornani
200 380 323 445 imperim
333 377 407 445 quod
418 393 490 427 nunc
500 378 612 429 rubrum
624 379 660 430 ad
672 393 747 431 mare
758 384 882 446 patescit.

122 448 212 502 LXll.
232 448 306 498 Dum
321 462 355 499 ea
369 452 461 498 aestas
470 447 638 499 Germanico
653 448 747 514 plures
761 464 812 516 per
822 464 884 517 pro·

70 522 178 571 vincias
187 518 361 584 transigitur,
371 515 444 566 haud
456 516 515 568 lere
525 517 610 569 decus
621 517 729 570 Drusus
741 521 884 587 quaesivit,

70 591 201 641 inliciens
216 587 372 639 Germanos
386 585 421 635 ad
436 585 601 650 discordiam
625 592 711 654 utque
727 588 818 640 fracto
828 592 885 639 tam

70 657 251 711 Maroboduo
265 669 352 722 usque
366 656 396 708 in
410 654 526 707 exitium
540 657 728 709 insisteretur.
765 660 835 710 Erat
845 660 885 709 io-
924 674 929 681 ·

71 732 116 785 ter
132 728 260 779 Gotones
275 724 375 775 nobilis
387 725 507 792 iuvenis,
526 727 638 777 nomine
649 726 801 791 Catualda,
821 742 885 795 pro·

72 798 158 864 fugos
168 795 237 846 olim
247 795 275 844 vi
285 793 464 857 Marobodui,
484 800 515 846 et
524 800 603 857 tunc,
619 795 709 848 dubiis
719 798 803 849 rebus
813 798 885 861 eius,

71 868 211 920 ultionem
224 878 319 915 ausus.
355 863 383 913 ls
397 863 490 915 valida
499 866 661 917 manuiines
673 867 885 919 Marcomanno-

72 951 136 987 rum
149 934 320 1002 ingreditur,
339 934 534 1001 corruptisque
542 936 710 1000 primoribus
720 937 755 989 ad
766 938 885 989 societa-

70 1011 145 1068 tem,
162 1004 300 1069 inrumpit
312 1003 416 1069 regiam
427 1003 626 1073 castellumque
636 1006 714 1059 iuxta
724 1010 817 1059 situm.
839 1020 887 1059 ve·

70 1081 150 1127 teres
164 1073 223 1124 illic
234 1071 387 1123 Sacrorum
402 1072 536 1137 praedae,
556 1080 585 1125 et
595 1076 697 1125 nostris
708 1091 723 1127 e
733 1076 886 1143 provinciis

71 1145 150 1195 lixae
168 1158 202 1194 ac
220 1142 409 1209 negotiatores
428 1144 544 1210 reperti;
564 1158 634 1213 quos
653 1145 696 1195 ius
716 1145 886 1209 commercii,

75 1214 141 1265 dein
160 1212 261 1279 cupido
282 1210 401 1277 augendi
415 1214 573 1279 pecuniam,
597 1219 767 1281 postremum
782 1216 886 1267 oblivio

75 1284 184 1349 patriae
199 1282 258 1332 suis
272 1295 408 1349 quemque
422 1282 458 1333 ab
473 1282 584 1336 sedibus
600 1282 729 1337 hostilem
742 1286 770 1336 in
785 1298 888 1355 agrurn

10 1378 13 1380 ‡
76 1350 233 1403 transtulit.

131 1421 245 1484 LXllla
259 1418 432 1472 Maroboduo
456 1420 579 1489 undique
603 1421 716 1473 deserto
735 1437 791 1474 non
809 1420 889 1473 aliud

77 1490 246 1552 subsidium,
264 1504 346 1558 quam
356 1490 700 1554 misericordiacaesaris,
718 1490 781 1542 fuit.
798 1496 890 1542 trans·

76 1574 193 1630 gressus
210 1559 385 1621 Danubium,
404 1575 458 1627 qua
471 1561 604 1610 Noricam
623 1562 790 1628 provinciam
811 1573 890 1626 prae·

78 1631 154 1693 iluit,
173 1631 286 1694 scripsit
299 1624 425 1691 Tiberio,
444 1644 500 1680 non
516 1634 548 1678 ut
561 1627 696 1698 profugus
706 1628 892 1696 autsupplex,

78 1700 130 1752 sed
149 1713 186 1750 ex
205 1699 341 1750 memoria
359 1699 460 1764 prioris
478 1698 618 1750 fortunae.
656 1697 725 1750 Nam
739 1699 832 1752 multia
843 1714 892 1752 no·

53 1794 58 1796 ·
80 1766 201 1821 tionibus
206 1766 411 1846 ,oelurirrimtrm
427 1769 559 1832 quondam
573 1766 676 1837 Regem
689 1767 761 1821 edre
771 1767 891 1822 voconti-

64 1878 65 1881 ,
79 1838 144 1900 bus,
158 1835 311 1890 Romanam
323 1835 474 1888 amicitiam
480 1837 653 1903 praetulisse.
690 1839 862 1906 Responsum
873 1853 891 1889 a

80 1904 216 1968 Caesare,
231 1914 319 1957 totam
334 1905 360 1956 ei
368 1904 580 1972 honoratumque
591 1905 675 1958 sedem
684 1907 714 1960 in
723 1907 808 1960 ltalia
814 1909 891 1980 sore,

78 1978 103 2028 si
112 1984 252 2033 meamet:
271 1975 313 2026 rin
323 1974 402 2027 rebus
413 1975 470 2026 eius
480 1975 558 2027 aliud
566 1975 738 2041 conduceret,
750 1977 890 2030 abiturum
911 2034 922 2054 Ι

71 2047 146 2116 fide,
167 2059 221 2108 quo
233 2043 354 2096 uenisset.
373 2050 496 2096 ceterum
512 2045 586 2112 apud
601 2044 734 2099 Senatum
749 2047 889 2110 disseruit,

75 2132 132 2169 non
147 2113 305 2182 Philippum
316 2111 536 2177 Atheniensibus,
555 2131 608 2166 non
617 2114 756 2184 Pyrrhum
775 2125 825 2168 aut
836 2114 890 2168 An·

67 2183 214 2246 tiochum,
233 2183 340 2249 Populo
353 2181 473 2239 Romano
488 2183 602 2250 perinde
621 2186 773 2237 metuendos
788 2185 889 2257 sirim.

78 2257 181 2307 Exstat
191 2254 295 2315 oratio,
306 2268 362 2320 qua
372 2251 588 2322 magnitudinem
597 2253 820 2317 riri,niolentiam
830 2252 890 2304 rub·

77 2323 215 2375 iectarum
228 2320 405 2391 cigentium,
424 2330 451 2373 et
466 2336 546 2387 quum
558 2323 725 2390 propinquus
734 2321 835 2392 Italiae
845 2321 890 2374 Iro·

81 2392 148 2454 mis,
173 2405 274 2457 suaque
297 2391 327 2443 in
350 2392 508 2444 destruendo
528 2407 558 2444 eo
576 2392 689 2444 consilia
709 2392 818 2444 extulit.
854 2393 893 2444 Et

81 2461 274 2512 Maroboduus
285 2456 396 2530 quidem
406 2461 552 2513 Ravennae
563 2459 673 2512 habitus
679 2496 688 2523 ,
698 2463 722 2512 si
733 2461 842 2528 quando
852 2462 893 2512 ln·

42 2542 45 2545 ·
81 2528 361 2595 solescerentSuevi,
380 2531 459 2600 quasi
468 2531 610 2582 rediturus
619 2531 648 2580 in
657 2528 787 2596 regnum,
802 2531 879 2578 osten

81 2603 206 2655 tenatur.
225 2600 275 2650 sed
288 2615 343 2650 non
356 2599 572 2653 excessitltalia
585 2614 634 2666 per
649 2597 837 2669 duodeviginti
849 2610 856 2625 ‘

83 2673 151 2734 nos3
176 2670 390 2739 consenuitque,
409 2669 529 2722 multum
542 2670 690 2730 imminuta
699 2665 836 2728 claritate,
