2034 3025
138 124 218 182 LlB'.
234 127 256 181 l.
273 127 487 183 carm-,62
507 128 792 202 [masmanna]
836 134 871 190 37

38 234 245 305 ’Ὲτοςαῃὶίὺιιε
261 250 291 286 se
307 235 399 286 Caelio
414 233 575 286 cohortibus
593 235 700 304 alisque
706 272 715 300 ,
744 238 871 293 desertus

67 304 227 357 Trebellius
242 304 278 355 ad
299 303 444 357 Vitellium
465 305 628 424 persuperit,
665 307 743 373 quies
761 311 870 376 pruvin-

59 375 140 438 ΜΘ,
160 379 444 442 quamquamremuto
456 375 548 426 Consu
561 375 614 437 ari,
633 378 744 427 mansit.
770 393 870 433 rexere

44 441 166 510 ,leugati
181 444 334 511 legionum
357 453 438 510 pares
452 445 528 509 iure,
551 443 662 496 l'aelius
677 445 805 500 audendo
820 463 869 516 po·
899 481 906 494 ·

60 514 179 566 tenetur.
886 523 892 530 '

115 581 190 634 zhxl.
226 581 362 634 Adiuncto
373 580 537 634 Britannico
548 585 685 647 exercitu,
699 585 797 652 ingens
806 587 868 638 viri·

62 645 117 703 irus
137 651 289 718 opibusque
303 650 449 714 Vitellius,
477 652 548 703 duos
563 652 670 716 Duces,
697 653 753 706 due
768 655 870 711 itinera

59 721 307 773 dello-destinarit.
340 717 445 773 Fabius
457 721 560 774 Valens
574 720 703 786 adium,
721 725 772 786 sel,
790 724 870 778 rial>-

60 797 193 853 reuerent,
216 797 325 842 restare
343 788 460 854 Gallias,
485 799 514 842 et
530 788 668 844 Cottianis
684 791 797 861 Alpibus
811 793 869 847 Ita·
970 816 975 823 ·

64 859 131 912 liam
145 859 300 928 inrumpere
305 876 316 920 ,·
335 860 454 911 Caecina
465 859 594 927 propiore
605 861 735 925 transitu,
755 862 869 944 Parisii

62 927 138 1012 iugis
149 928 259 998 degredi
269 930 369 980 iussus.
387 927 504 981 ‘Valenti
516 929 654 981 inferioris
665 933 803 984 exercitus
813 935 869 986 ele·

44 1021 50 1071 ᾗ
63 1007 112 1062 atr,
123 1013 185 1050 cunr
195 999 289 1066 aquila
299 1000 413 1066 quintae
422 998 539 1066 legionis
546 999 742 1052 eteuhortibus
751 1002 868 1070 alisque,

49 1068 101 1119 :ad
115 1065 179 1119 XL.
194 1069 283 1118 millia
297 1073 467 1119 arnratnrum
487 1068 566 1119 data:
585 1066 685 1120 XXX.
702 1071 791 1122 millia
802 1073 869 1124 Cae·

53 1139 128 1188 eina
141 1153 157 1189 e
171 1139 317 1204 superiore
331 1137 482 1189 Germania
496 1137 626 1202 ducebat,
649 1155 768 1208 quorum
781 1142 868 1194 robur

64 1207 138 1274 legio
153 1205 221 1271 una,
231 1209 330 1274 'prima
345 1213 373 1258 et
386 1208 529 1270 vicesima,
547 1207 611 1260 fuit.
646 1210 742 1261 addita
755 1212 868 1279 utrique

62 1275 267 1328 Germanorum
284 1275 401 1339 auxilia,
429 1292 444 1329 e
459 1278 560 1344 quibus
575 1278 706 1331 Vitellius
720 1295 787 1332 suas
802 1295 868 1348 qua·

63 1361 117 1412 qne
128 1347 221 1411 cupias
232 1347 379 1412 supplevit,
398 1351 458 1397 tota
467 1347 542 1397 mole
552 1347 618 1398 belli
629 1354 784 1400 secuturus.

115 1415 201 1466 LXll.
237 1415 312 1465 Mira
322 1416 397 1465 inter
408 1417 558 1466 exereitum
567 1417 818 1485 Imperatoremque
829 1419 868 1469 di-

60 1484 188 1534 versitas.
212 1483 331 1546 instare
342 1483 432 1546 miles,
453 1499 531 1536 arma
542 1500 666 1551 pascere,
685 1486 746 1538 dnm
760 1487 868 1542 Galliae

23 1617 26 1621 .
60 1551 213 1619 trepident,
241 1552 304 1603 dum
317 1550 470 1619 Hispaniae
484 1562 653 1607 cunctentur.
689 1572 741 1608 nan
761 1556 868 1610 adstare

58 1621 181 1683 dientem,
199 1636 281 1689 nequa
291 1621 409 1690 ignavae
416 1622 494 1690 paris
504 1640 602 1675 arurae.
622 1623 799 1676 invadendam
809 1624 867 1680 Ita·
897 1660 900 1663 ·

59 1692 139 1753 diurn,
158 1692 339 1759 occupandam
349 1690 450 1743 urbem.
477 1691 585 1747 nihilist
594 1692 734 1745 discordiis
744 1693 868 1747 civilibus

34 1774 45 1785 ²
55 1759 239 1834 festinatione
253 1760 354 1825 tutius,
369 1760 420 1813 'udi
428 1761 511 1833 sarta
527 1762 629 1832 aragia,
652 1778 732 1831 quam
746 1766 867 1817 consulta

60 1843 126 1898 epar
137 1837 213 1881 erret.
250 1833 393 1900 Turpebat
403 1832 549 1896 Vitellius,
568 1838 597 1886 et
611 1833 751 1884 fortunam
763 1832 868 1885 Princi-

58 1906 141 1967 patus
151 1902 233 1951 inerti
244 1900 312 1953 luxu
323 1917 356 1954 ae
365 1903 489 1969 prodigis
500 1902 590 1971 epulis
598 1902 801 1969 praesumebat,
811 1918 867 1974 nse-

60 1968 107 2019 dio
119 1968 174 2021 diei
191 1971 361 2023 temulentus
378 1977 406 2023 et
416 1974 513 2039 sagina
523 1974 627 2040 gravis:
647 1985 708 2023 cum
720 1978 812 2025 tamen
825 1988 867 2024 ar·

60 2039 113 2089 dur
129 2044 158 2089 et
172 2039 214 2089 vis
224 2039 343 2092 militum
353 2042 429 2093 ultro
439 2042 527 2094 Ducis
542 2044 637 2105 nrunia
646 2042 784 2108 inplebat,
802 2047 834 2092 ut
843 2045 866 2093 si

59 2108 172 2159 adesset
185 2108 355 2175 imperatur,
373 2118 402 2162 et
412 2115 531 2163 strenuis
544 2112 588 2163 rel
603 2113 708 2180 ignavis
724 2126 800 2181 spem
812 2127 867 2163 me·

57 2184 175 2244 tumque
186 2178 311 2231 adderet.
345 2182 477 2231 instructi
493 2180 865 2252 intentique—riguumprafe-

58 2245 158 2299 ationis
169 2253 329 2313 exposcunt
356 2248 463 2302 Numen
477 2250 634 2303 Germanici
644 2251 760 2303 Vitellio
771 2252 865 2301 statim
910 2310 917 2314 ,

58 2316 199 2367 additum:
220 2313 364 2368 Caesarem
378 2333 408 2369 se
418 2318 557 2385 adpellari
573 2322 657 2371 etiam
671 2322 761 2371 vietur
774 2317 866 2387 prohi-

58 2385 129 2437 buit.
157 2385 276 2437 Laetum
288 2388 435 2452 augurium
444 2388 533 2441 Fabio
542 2389 866 2456 valentiexrrcrtutque,
950 2447 953 2454 ,

58 2464 143 2521 quem
154 2456 182 2504 in
191 2454 295 2506 bellurn
306 2457 414 2522 agebat,
434 2458 495 2525 ipso
505 2458 688 2525 profectionis
699 2459 754 2519 die,
773 2458 867 2525 aquila

56 2523 117 2574 leni
127 2528 235 2586 meatu,
254 2530 339 2590 pruut
354 2540 453 2593 agmen
470 2527 625 2590 incederet,
643 2527 722 2579 velut
732 2528 787 2577 dux
796 2521 872 2591 ,νίας

55 2594 244 2659 praevolavit:
264 2593 433 2663 longumque
449 2600 629 2665 perspatiunr
645 2597 669 2647 is
684 2596 865 2661 gaudentium

55 2661 180 2715 militum
200 2661 320 2729 clamor,
347 2679 381 2717 ea
391 2666 469 2734 quies
482 2667 629 2719 interritae
648 2664 723 2715 alitis
742 2662 808 2728 suit,
835 2670 868 2717 ut
938 2664 955 2697 *-
