2034 3025
72 112 223 167 aranu.
238 109 454 164 caras-se
474 110 629 178 [auam
647 113 721 166 nc.
733 112 784 179 γα]
806 110 853 164 rar

55 221 177 279 sianum,
197 217 468 281 cunctissuperrota
476 214 637 278 liuentibus,
660 216 854 267 Cremonensis

52 284 156 353 proelii
170 287 283 336 nuntius
298 286 326 334 in
344 285 471 351 Aegypto
490 282 661 351 adsequitur.
696 284 739 335 Eo
759 298 854 350 prope·

53 357 162 407 rautius
171 353 367 405 Alexandriam
377 354 478 418 pergit,
497 357 541 413 ut,
561 352 652 403 fracto
661 350 767 402 Vitellii
777 366 854 403 exer·

53 418 128 485 citu,
151 422 250 473 urbenr
260 427 370 488 quoque
380 426 510 482 externae
522 421 582 487 opis
592 420 714 487 indigam
726 420 797 471 fame
808 434 852 469 ur·

53 497 143 564 geret.
183 489 308 556 Namque
328 494 357 541 et
374 488 508 551 Africam,
538 488 636 541 eodem
650 488 743 539 ¹lutere
762 491 853 549 sitam,

53 570 132 612 terra
150 560 277 625 marique
295 556 424 609 invadere
445 558 577 625 parabat,
604 556 705 609 clausis
725 570 853 607 annonae

53 629 193 688 subsidiis,
212 628 333 692 inopiam
344 640 377 675 ac
385 625 551 677 discordiam
562 622 636 677 hosti
647 625 779 676 facturus.

106 696 206 747 XLIX.
225 695 302 745 Dum
316 692 368 743 bac
383 696 470 745 totius
486 694 560 745 orbis
570 696 724 745 mutatione
739 693 853 744 fortuna

52 764 168 830 imperii
185 764 297 824 tramit,
326 762 435 815 Primus
452 763 588 813 Antonius
602 776 777 831 nequaquam
793 761 853 827 pari

52 832 213 885 innocentia
223 836 285 897 post
294 831 457 882 Cremonam
467 832 581 898 agebat3
596 831 767 881 satisfactum
778 830 853 881 bello

52 906 132 953 ratus
144 905 174 952 et
183 905 275 952 cetera
285 915 321 951 ex
330 898 421 961 facili,
448 915 498 949 seu
508 900 628 949 felicitas
642 901 671 950 in
680 899 731 951 tali
741 899 853 967 ingenio

52 970 212 1031 avaritiam,
241 970 400 1033 superbiam
416 973 561 1033 ceteraque
576 969 685 1019 occulta
694 966 769 1017 rnnla
778 972 854 1032 pate·

6 1093 12 1098 ,
53 1037 134 1089 fecit:
161 1041 327 1103 utcaptam,
357 1036 465 1086 ltaliam
476 1035 646 1100 persultar03
670 1041 791 1097 utsuas,
815 1034 854 1085 le·

54 1108 153 1175 giones
163 1106 269 1165 colere3
296 1104 421 1153 omnibus
436 1103 516 1153 dictis
529 1102 662 1168 lactisque
672 1098 745 1153 riam
755 1104 806 1153 sibi
818 1102 853 1153 ad

49 1169 207 1241 'potentiam
217 1178 339 1226 strueres
366 1177 451 1237 utque
464 1171 578 1221 licentia
591 1172 706 1223 militem
716 1171 854 1235 inbueret,

53 1242 265 1294 interfectorum
278 1241 477 1293 centurionum
493 1235 605 1291 ordines
620 1240 774 1311 legionibus
787 1238 855 1292 olle·

54 1309 146 1361 rebat.
181 1326 215 1362 ee
234 1308 367 1375 suffragio
387 1307 590 1359 turbidissimus
609 1310 726 1375 quisque
746 1308 856 1359 delecti.

54 1392 108 1428 nec
118 1378 197 1428 miles
206 1380 235 1427 in
245 1378 358 1427 arbitrio
369 1376 492 1439 Ducum,
514 1376 563 1425 sed
576 1374 665 1426 Duces
676 1376 791 1442 militari
801 1377 857 1426 vio·

54 1442 344 1497 lentiatrahebantur.
361 1507 363 1510 Ι
380 1458 451 1509 quae
465 1444 623 1506 seditiosa,
640 1449 668 1495 et
678 1456 857 1508 conrumpen-

57 1513 112 1564 dae
122 1510 296 1578 disciplinae,
317 1526 382 1563 mox
391 1513 419 1563 in
431 1513 562 1579 praedam
572 1514 714 1573 vertebat,
732 1509 800 1562 nihil
810 1510 857 1562 arl-

56 1585 216 1632 rentantem
227 1581 387 1631 Mucianum
401 1583 533 1644 ueritumx
547 1579 621 1657 quod
631 1581 773 1633 exitiosius
786 1586 856 1644 erat,

56 1663 140 1717 quam
150 1649 350 1714 Vespasianum
360 1652 506 1714 sprevisse.

109 1717 143 1785 b.
162 1718 289 1770 Ceterum
300 1718 454 1784 propinqua
463 1716 566 1780 hicme,
585 1723 613 1770 et
622 1715 796 1768 humentibus
806 1716 857 1769 Pa·

58 1786 95 1838 do
106 1788 218 1852 campis,
236 1787 393 1850 expeditum
399 1785 502 1852 agmen
514 1786 651 1838 incedere.
686 1785 771 1853 Signa
782 1789 857 1853 aqui·

57 1845 159 1923 l'aeque
173 1856 326 1906 victricium
342 1855 496 1922 legionum,
525 1855 625 1906 milites
639 1853 798 1906 vulneribus
808 1861 856 1905 aut
897 1889 900 1904 ,

58 1929 153 1976 aetate
163 1938 275 1990 graves,
292 1922 416 1990 plerique
425 1924 509 1974 etiam
520 1924 636 1990 integri,
653 1924 781 1976 Veronae
792 1923 855 1974 reli·

59 1993 112 2044 cti:
131 1995 256 2042 sufficere
267 1990 535 2058 cobortesalaeque,
553 1991 858 2058 etelegionibuslecti,

59 2058 206 2129 profligato
225 2060 384 2122 imbelle,
410 2059 582 2111 ridebantur.
618 2059 769 2112 Vndecima
782 2061 857 2128 legio
911 2063 912 2068 ’

58 2142 121 2178 sese
131 2128 308 2189 adiunxerat,
326 2129 407 2179 initio
416 2133 561 2192 cunctata3
585 2129 647 2192 sed,
667 2133 805 2194 prosperis
815 2139 857 2180 re·

57 2197 119 2263 bus,
130 2197 222 2258 anxia,
236 2196 310 2262 quod
321 2195 463 2248 defuisset
491 2195 547 2248 Sex
553 2197 644 2248 'millia
655 2197 858 2260 Dalmatarum,

57 2279 157 2317 recens
167 2263 305 2327 delectus,
328 2265 539 2323 comitabantur.
574 2266 703 2318 Ducebat
713 2265 857 2331 Poppaeus

60 2330 199 2397 Silvanus,
218 2332 389 2385 Consularis:
408 2335 449 2384 ris
458 2334 634 2386 consiliorum
645 2349 730 2402 penes
739 2335 857 2387 Annium

57 2401 187 2465 Bassum,
204 2401 321 2468 legionis
332 2403 479 2470 Legatum.
515 2405 539 2453 is
549 2402 698 2464 Silvanum,
713 2403 857 2454 socordem

57 2471 144 2534 bollo,
161 2470 361 2524 etdiosrorum
371 2472 461 2533 verbis
471 2477 614 2534 terentem,
632 2472 722 2591 adme
734 2470 858 2538 obsequii

56 2541 187 2607 regebat,
209 2539 246 2591 ad
256 2543 418 2608 omniaque,
440 2557 511 2608 quae
521 2541 630 2609 agenda
652 2544 746 2600 orent,
765 2541 859 2606 quieta

57 2609 383 2663 cumiudustriaaderat.
416 2607 630 2678 Adbascopias,
650 2608 869 2666 celassicislta,
