2034 3025
103 177 104 181 Ν
184 107 236 164 144
269 105 570 163 ursaonmavn
589 103 744 174 [nvom
762 103 905 174 naqa]

234 214 306 266 LIV.
324 216 360 265 At
369 213 503 273 Vitellius,
524 211 618 262 fractis
629 209 702 275 apud
713 210 877 262 Cremonam
888 211 992 278 rebus,
1013 247 1014 252 =

181 284 294 334 nuntios
304 281 389 332 cladis
399 279 556 339 occultans,
578 278 665 332 stulta
675 277 912 344 dissimulatione,
945 295 992 334 re.
1013 273 1014 288 ¹

181 350 274 402 media
283 352 374 414 potius
383 349 528 408 malorum,
540 361 619 414 quam
632 346 714 408 mala,
724 344 879 397 differebat.
896 349 990 415 Quip·

180 433 216 484 pc
226 413 989 484 contitenticonsultantiquesupererantspesviresquer
1013 407 1014 458 l

180 502 242 538 cum
252 502 268 536 e
279 487 418 536 contrario
433 484 507 537 laeta
521 483 614 532 omnia
628 481 763 548 fingeret,
793 482 871 532 salsis
888 485 990 552 ingra.

178 555 316 606 vescebat.
353 554 455 604 Mirum
474 549 548 615 apud
568 553 656 615 ipsum
677 550 711 600 de
731 549 806 619 bello
822 550 988 604 silentium:

179 621 312 690 prohibiti
322 636 371 687 per
381 621 521 679 civitatem
532 632 687 668 sermones:
709 632 797 684 eoque
807 617 917 684 plures,
927 637 986 692 xac,

178 691 203 741 ri
214 691 403 750 liceretsvere
413 687 566 748 narraturi;
586 689 652 752 quia
661 687 839 748 vetabantur,
859 691 987 740 atracio·

179 772 213 809 ra
227 757 415 822 vulgaverant.
451 755 510 807 Nec
524 753 617 805 Duces
636 751 757 804 hostium
776 755 928 822 augendae
943 757 986 808 fa·
1013 815 1014 820 η

179 837 241 876 mae
252 824 380 884 deerant,
400 827 494 887 captos
503 821 606 873 Vitellii
623 822 810 886 exploratores
826 823 984 875 circumdo·
1013 829 1014 850 ³

178 897 307 956 ctosque,
331 896 363 941 ut
371 891 475 942 robora
485 891 598 941 victori
610 891 746 941 exercitus
757 897 921 954 noscerent,
942 907 983 945 re·
1013 897 1014 900 ’

178 958 330 1011 mittendo:
350 973 419 1025 quos
430 973 526 1010 omnes
537 956 679 1019 Vitellius,
699 964 805 1010 secreto
816 967 982 1024 percuncta-

178 1033 241 1088 tus,
270 1029 386 1078 interfici
401 1029 490 1078 iussit.
526 1025 648 1080 Notabili
664 1029 820 1077 constantia
835 1027 981 1094 Centurio,

178 1095 267 1147 lullus
277 1096 407 1162 Agrestis,
427 1101 490 1160 post
499 1095 602 1146 multos
612 1110 763 1158 sermones,
782 1090 881 1162 quibus
892 1095 980 1147 Vitel.

178 1162 248 1214 lium
259 1162 295 1211 ad
304 1166 434 1213 virtutem
446 1163 550 1213 frustra
561 1163 734 1224 acccndebat,
750 1163 882 1229 perpulit,
901 1163 979 1215 atad

179 1233 253 1282 vires
263 1229 384 1280 hostium
395 1231 572 1296 spectandas,
592 1245 716 1298 quaeque
727 1231 800 1296 apud
811 1233 978 1282 Cremonam

141 1362 144 1365 ¹
175 1298 359 1358 actaforcnt,
381 1301 447 1364 'ipsc
461 1300 627 1350 mitteretur.
662 1298 978 1363 Ncoexplorationeoc·
1013 1331 1014 1378 p

180 1367 256 1419 culta
267 1365 366 1417 fallere
375 1368 664 1429 Antoniumtentavit,
688 1367 738 1417 sed
748 1367 881 1417 mandata
891 1369 977 1434 lmpe·
1013 1381 1014 1402 ¹

179 1437 282 1488 ratoris
293 1441 428 1502 suumque
440 1436 561 1484 animum
573 1434 712 1501 professus
719 1470 727 1496 ,
753 1439 783 1484 ut
798 1441 899 1486 cuncta
909 1437 975 1484 vise·
1013 1427 1014 1440 ¹

114 1498 119 1509 ’
179 1513 233 1565 ret,
254 1503 387 1569 postulat.
424 1500 516 1565 Missi,
536 1502 801 1570 quilocumproelii,
821 1505 976 1555 cremonae

178 1575 311 1639 vestigia,
338 1577 433 1638 captas
443 1572 569 1639 legiones
582 1571 770 1623 ostenderent.
804 1572 934 1639 Agrestis
943 1570 975 1622 ad
1013 1586 1014 1643 3

178 1640 322 1697 Vitellium
332 1643 474 1701 murcavit,
485 1641 679 1708 abnuentique,
697 1655 761 1690 vcra
771 1655 835 1702 erre,
852 1656 923 1707 qnae
933 1639 977 1690 ad·

150 1770 154 1777 Ι
173 1707 281 1780 ferret,
300 1713 384 1774 atquc
394 1708 469 1759 ultro
480 1718 639 1774 conceptum
649 1709 790 1775 arguenti3
813 1707 978 1775 quandoqui-

167 1775 252 1836 dem,
280 1776 385 1841 inquit,
412 1777 819 1843 arogncdccumcntoopurert,
846 1776 979 1827 necetius

176 1842 233 1893 iani
243 1842 294 1905 tili
304 1851 353 1893 ant
363 1841 449 1905 ritae,
471 1852 522 1898 aut
531 1844 625 1895 mortis
634 1860 706 1895 mccc
717 1859 796 1907 arsur,
822 1843 889 1895 dato
896 1880 905 1906 ,
932 1844 980 1897 cui

177 1911 280 1961 credar.
316 1917 398 1975 atque
409 1912 448 1961 ita
458 1912 613 1978 digressus,
632 1913 790 1963 voluntaria
799 1917 888 1963 morte
900 1911 978 1963 dicta

177 1978 305 2027 firmarit.
335 1978 452 2039 Quidam
463 1978 538 2030 iussa
553 1978 655 2031 Vitellii
664 1980 855 2053 interfectum·
875 1979 979 2049 deficis

177 2044 496 2110 mortuamque-eadem,
516 2048 665 2099 tradidere.

230 2111 287 2182 LV·
306 2112 449 2174 Vitellius,
476 2119 534 2166 ute
548 2126 645 2167 somno
662 2117 782 2178 excitus,
803 2114 904 2167 Imaum
913 2111 979 2165 Pri-

177 2196 250 2235 tcum
259 2189 287 2233 et
296 2178 444 2247 Alphcnuot
459 2180 560 2234 Varum
570 2200 629 2235 carn
639 2182 874 2236 XlVProetoriir
884 2181 980 2233 caltor-
1013 2186 1014 2189 ’

178 2251 251 2304 tibur
266 2259 293 2301 ct
307 2249 424 2302 arnoldus
437 2250 556 2316 equitum
567 2252 618 2303 ulit
632 2253 748 2303 obsidere
758 2251 926 2319 Apenninum
937 2252 979 2302 iu·

177 2320 234 2370 bet.
258 2318 358 2369 Secuta
368 2334 383 2369 c
394 2319 514 2371 classicis
524 2320 605 2387 legio.
630 2324 686 2372 Tot
696 2321 784 2372 millia
794 2323 976 2381 armatorum,

177 2388 251 2439 lecta
261 2389 340 2452 equis
354 2388 488 2453 virisque,
516 2392 538 2437 si
552 2388 615 2438 Dux
630 2390 700 2441 alius
712 2388 800 2451 locet,
826 2386 976 2439 inferendo

178 2470 287 2520 quoque
303 2455 377 2506 bello
392 2457 459 2504 satis
473 2456 622 2520 pollebant.
659 2460 775 2508 Ceterae
794 2454 924 2508 cananea
940 2455 977 2506 ad

177 2522 309 2572 tuendam
322 2524 415 2572 urbem
426 2522 457 2571 L.
469 2522 585 2585 Vitellio
597 2522 677 2574 fratri
689 2525 779 2575 datae.
814 2524 888 2589 lpse,
906 2522 979 2575 nihil

178 2590 287 2640 acolito
297 2589 365 2641 luxu
375 2592 532 2653 remittens,
560 2595 588 2640 ct
598 2592 750 2643 diffidentia
759 2604 911 2659 properus,
938 2590 980 2645 ie·
