2034 3025
114 129 262 196 mam.
283 126 778 202 csp.2o.ao.[s.v.7s7.s.css.1
810 131 864 187 am

55 236 165 300 Labeo,
176 251 258 304 quem
269 235 422 302 praefuisse
433 235 559 287 Moesiae
569 235 663 297 emuli,
673 249 723 302 per
731 237 865 303 abruptu

54 322 145 360 venas
160 309 325 374 sanguinem
341 304 451 368 effudit3
471 305 667 372 aemulataque
687 310 732 357 est
744 309 866 361 coniunx

55 375 179 431 Paxaea.
208 391 272 428 nam
285 381 427 443 promptas
442 375 580 426 eiusmodi
590 380 696 426 mortes
706 379 798 426 metus
808 387 867 428 car·

55 437 297 509 niticisiaciebam
311 450 339 497 et
349 445 558 512 quiadamnati,
567 445 717 511 publicetis
726 444 819 509 bouis,
825 459 867 498 ce·

74 517 172 568 ultura
181 514 414 581 prohibebantur:
434 528 541 589 eorum,
551 517 597 582 qui
608 514 644 566 de
654 531 686 567 se
695 514 867 578 statuebant,

53 533 247 638 flumabantur
257 599 384 650 corpora,
394 585 545 636 manebant
553 589 731 647 testamenta,
745 585 867 649 pretium

52 655 218 709 festinandi.
253 653 437 718 secessum,
458 656 548 705 missis
561 653 596 706 ad
607 654 740 707 Senatum
756 653 869 718 litteris,

53 725 208 788 disseruit,
227 739 327 775 morem
342 721 433 795 scisse
448 722 604 787 rnoiocidrcs,
623 724 746 790 quotiens
760 723 868 776 dirime·

20 802 22 810 ’
52 801 119 846 cent
133 791 281 855 amicitiae,
300 792 460 846 interdicere
474 793 558 856 domo,
577 808 687 862 comque
699 793 868 914 finem'qrs·

54 862 237 928 tiaeponere:
255 862 286 913 id
294 877 321 912 ce
331 862 486 928 repetivisse
496 861 526 915 in
536 863 670 916 Labeone.
689 862 869 929 otqseiismc,

52 929 121 1002 quia
133 933 202 984 mole
213 930 422 987 administratae
429 932 588 1000 provinciae
599 933 768 1001 aliorumque
776 931 869 984 crini·

53 1015 122 1056 nunc
141 999 308 1068 urgebatur,
333 1002 438 1069 connum
461 1001 566 1054 invidia
586 1003 730 1055 velavisse.-
820 1009 869 1054 tro

53 1069 209 1124 conterrito
219 1086 314 1137 uxore,
328 1085 416 1138 quone,
432 1071 485 1122 etsi
493 1080 639 1136 nocentem,
650 1070 746 1140 peries
758 1072 870 1124 ttamen

55 1146 194 1207 expertem
207 1139 306 1211 foisse.
352 1139 512 1194 Mamercus
532 1141 597 1193 dein
616 1141 737 1193 Scaurus
756 1155 868 1193 msam

56 1209 225 1276 postulatur,
236 1209 353 1278 insignis
363 1211 510 1278 nobilitate
521 1216 550 1261 et
560 1211 674 1263 orandis
685 1213 799 1275 caussis,
809 1211 868 1262 vita

56 1278 217 1346 probrosus.
235 1279 306 1330 nihil
321 1277 395 1331 hunc
410 1282 532 1332 amicitia
546 1279 648 1344 Seiani,
668 1281 716 1334 sed
737 1280 870 1333 labefecit

57 1347 135 1400 haud
146 1349 234 1400 minus
250 1347 372 1400 validum
384 1350 419 1402 ad
436 1352 523 1403 exitia
538 1351 680 1404 Macronis
691 1351 800 1414 odium,
818 1351 869 1418 qui
961 1365 965 1370 ’

57 1417 171 1472 easdem
186 1425 260 1471 artes
277 1419 413 1470 occultius
426 1420 591 1473 'exercebam
612 1420 809 1488 detuleratque
824 1433 869 1470 ar·

55 1494 221 1559 gumentum
232 1489 403 1557 tragoediae,
416 1505 432 1540 a
443 1489 548 1542 Scauro
558 1491 688 1557 scriptae,
698 1489 800 1541 additis
809 1503 870 1540 ver-

55 1559 146 1623 sibus,
165 1562 214 1627 qui
224 1562 407 1613 in'l'iberium
417 1559 609 1612 flecterentur,
644 1561 748 1613 Verum
760 1560 795 1610 ab
804 1556 870 1610 Ser·

54 1629 121 1681 vilio
138 1630 324 1693 etcornelio,
345 1630 569 1693 accusatoribus,
587 1629 753 1681 adulterinos
761 1627 869 1693 Lina,

55 1694 295 1769 Mogorurn'sacro
306 1700 527 1753 oblectabantur.
564 1698 695 1762 Scaurus,
709 1704 742 1751 ut
755 1699 869 1767 dignum

56 1771 199 1823 veteribus
219 1770 355 1837 Aemiliis,
379 1772 585 1823 damnationem
606 1772 708 1835 anteit3
736 1767 870 1822 hortante

57 1836 155 1959 {cratia
165 1854 263 1904 uxore,
278 1842 568 1909 quae-incitamentum
579 1841 677 1892 mortis
688 1846 717 1893 ct
727 1840 869 1908 particeps

69 1912 119 1961 uit.
800 1943 806 1949 -
848 1918 852 1924 '

98 1978 190 2031 XXX.
209 1980 246 2031 Ac
256 1983 353 2032 tamen
361 1986 547 2044 accusatores,
557 1982 581 2032 si
591 1980 869 2047 facultasincideret,

57 2051 156 2117 poenis
167 2048 381 2103 adliciebantur:
400 2058 433 2103 ut
443 2051 579 2103 Servilius
589 2053 797 2120 Corneliusque,
806 2066 868 2118 per·

56 2120 116 2171 dito
130 2118 238 2173 Scauro
253 2119 379 2184 famosi,
390 2124 454 2189 quia
467 2123 612 2188 pecuniam
628 2122 742 2175 avaria
752 2121 868 2189 Ligure,
908 2152 912 2155 ·

55 2190 227 2273 omittendae
234 2188 393 2254 delationis,
404 2197 546 2257 ceperant,
555 2194 585 2243 in
593 2191 707 2255 insulas,
717 2191 867 2243 interdicto

55 2260 868 2401 illinitis,“iniistisitiliisstiit
897 2393 899 2398 ,

53 2397 341 2467 legionipraesuerat,
355 2400 509 2466 periculum
521 2400 643 2463 facessit,
656 2399 760 2468 quodie
771 2398 867 2452 Seiani

49 2468 143 2541 filium
159 2484 292 2539 generum
313 2468 483 2533 destinasset,
502 2470 579 2522 ultro
600 2470 761 2532 damnatur,
782 2473 866 2536 atque

52 2540 123 2591 urbe
133 2539 265 2605 exigitur.
303 2538 466 2605 Gaetulicus
483 2556 517 2593 ea
531 2544 698 2607 tempestate
712 2536 866 2604 superioris
896 2562 903 2567 -

54 2608 224 2661 Gennaniae
234 2609 360 2677 legiones
370 2610 495 2673 curabat,
515 2612 673 2677 mirumque
684 2621 808 2658 amorem
819 2602 870 2654 ad·

53 2684 167 2745 secutus
178 2683 255 2745 erat;
269 2678 375 2735 effictae
386 2680 561 2745 clementiae,
571 2678 698 2731 modicus
707 2676 865 2736 severitate,
