2034 3025
74 85 239 168 'ntnxu
258 113 474 168 oAP.49-51.
494 114 865 188 [tumescentes
933 139 939 149 ·

58 219 187 268 Taurum
196 221 405 282 transgressus,
418 216 715 284 moderationcplura,
734 236 817 287 quam
827 223 865 284 vi,

59 291 271 352 composueram
290 289 351 334 c'um
366 283 456 335 redire
470 285 499 336 in
512 285 620 354 Syriam
629 287 751 351 iubetur,
771 305 805 341 ne
813 288 866 342 ini·
904 294 907 300 '

59 353 130 406 tium
135 353 204 405 delli
213 353 339 404 adversus
350 351 470 404 Partitur
480 355 631 409 exsisteret.

56 419 58 422 ’
113 423 148 474 L.
166 421 238 473 Nam
249 423 416 490 Vologeses,
428 439 521 474 cusum
531 423 706 477 invadendae
716 425 867 477 Armeniae
904 435 908 439 ’

61 491 215 546 obvenisse
226 497 315 553 ratus,
327 506 419 557 quam,
431 508 448 542 n
457 493 612 555 maioribus
623 495 683 544 suis
694 508 865 559 possessam,

60 568 198 614 externus
214 561 275 612 Rex
296 558 405 629 flagitio
427 563 578 624 obtineret,
599 561 742 613 contrahit
761 565 866 628 copias,

58 629 391 696 fratremque'lliridaten
402 628 540 682 deducere
550 631 580 680 in
591 630 718 697 Regnum
728 641 819 696 parat,
829 645 866 686 ne

59 715 120 766 qua
131 713 195 764 pars
206 699 306 748 domus
322 698 383 748 siue
398 699 517 764 imperio
533 703 640 766 ageret.
674 700 791 752 incessu
799 696 866 753 Par'·

58 767 188 828 thorum,
199 768 260 817 sinc
267 767 326 816 acie
334 765 406 832 pulsi
413 768 486 819 lberi
495 785 501 830 ;
511 770 653 837 urbesque
659 769 865 832 Armeniorum,

59 838 205 890 Artaxata
215 840 245 886 et
254 835 468 902 Tigranocerta,
481 839 577 904 iugum
588 852 727 904 accepere.
754 838 869 893 Deinde

59 912 149 958 atrox
157 903 258 966 hiems,
274 919 431 970 scoparum
442 908 548 972 provisi
559 913 744 974 commeatus,
762 913 792 960 et
803 915 873 973 orta

61 989 100 1028 ex
115 979 237 1040 utroque
258 974 348 1039 tobes,
368 976 526 1038 percellunt
540 976 711 1043 Vologesen,
733 979 867 1030 omittere

60 1044 236 1112 praeseutia,
254 1057 424 1112 vacuamque
439 1051 537 1095 rursus
548 1047 709 1106 Armeniam
719 1044 868 1112 Rhadami·

62 1118 127 1165 stus
138 1112 257 1183 invasit,
266 1112 454 1165 truculentior
464 1121 547 1183 quam
558 1120 652 1178 autea,
667 1116 810 1181 tamquam
821 1115 867 1166 ad-

61 1184 164 1242 veisus
175 1179 348 1244 defectores,
368 1185 436 1233 etin
447 1189 576 1250 tempore
587 1183 784 1236 rebellaturos.
819 1185 867 1235 nt·
910 1188 912 1191 ’

64 1267 121 1320 que
132 1251 186 1313 illi,
204 1251 330 1319 quamvis
342 1254 459 1304 servitio
471 1255 560 1316 sueti,
577 1249 751 1320 patientiam
757 1255 867 1306 abrum-

62 1325 144 1388 punt,
155 1321 296 1388 armisque
306 1321 422 1386 Regiam
434 1324 660 1374 circumveniunt.
851 1320 857 1326 ’

116 1389 164 1440 Ll.
183 1389 242 1441 Nec
252 1389 327 1440 aliud
337 1389 520 1443 Rhadamisto
535 1391 690 1442 subsidium
701 1389 766 1454 fuit,
785 1408 868 1459 quam

63 1459 221 1527 pernicitas
232 1461 382 1527 equorum,
402 1458 463 1527 quis
475 1475 560 1527 seque
572 1464 601 1510 et
610 1460 759 1526 coniugem
772 1461 869 1513 abstu-

63 1528 107 1581 lit.
137 1526 192 1580 Sed
203 1528 325 1581 coniu'nx
337 1528 461 1597 grauido,
473 1532 590 1595 primam
600 1534 750 1596 utcumque
761 1529 869 1597 fugam,

66 1599 103 1652 ob
113 1603 219 1649 metum
235 1596 365 1649 hostilem
382 1604 411 1650 et
426 1600 522 1650 urariti
537 1599 700 1661 caritatem,
721 1598 869 1651 tolerarit:

64 1664 145 1735 post,
166 1666 351 1737 festinatione
363 1669 509 1731 contiuua,
529 1668 578 1719 ubi
589 1668 667 1735 quati
682 1672 781 1734 uterus
793 1673 822 1719 et
831 1672 871 1719 vi-

66 1752 149 1789 secra
157 1738 320 1799 vibrantur,
331 1753 422 1801 orare,
432 1746 466 1791 ut
480 1746 566 1789 ritorto
580 1735 871 1804 honestacontcmeliit

66 1804 239 1873 captivitatis
250 1804 421 1859 eximeretur.
458 1808 514 1859 llle'
526 1809 616 1873 primo
633 1806 777 1875 amplecti,
797 1804 871 1861 adle·
931 1827 935 1833 ’
962 1857 964 1866 s

66 1890 146 1937 rnre,
161 1872 319 1938 adhortari,
333 1876 417 1929 inodo
426 1877 562 1927 uirtutem
573 1876 728 1940 admirans,
742 1877 826 1930 modo
837 1880 873 1929 ti·

66 1959 148 1997 more
163 1959 264 2011 aeger,
285 1960 320 1996 uc
337 1948 397 2013 quis
413 1946 513 1996 relicta
528 1947 681 2013 potiretur:
692 1944 871 2011 *Postremm

65 2014 205 2073 violentia
213 2014 328 2076 amoris,
344 2021 374 2065 et
383 2012 539 2076 facinorum
550 2030 607 2065 uon
622 2012 709 2079 rudis,
724 2013 825 2082 distrin
847 2018 872 2067 ‘t

68 2085 222 2146 acinacem,
236 2084 580 2151 ¹vulneratamqueripam
601 2082 642 2133 ad'
653 2084 754 2137 Araxis
773 2082 836 2137 trah
849 2092 872 2149 t,
928 2083 930 2089 ’

67 2152 179 2205 flumini
195 2148 301 2214 tradit,
320 2168 361 2205 ne.
376 2168 477 2218 cerpus
498 2155 584 2204 etiam
606 2150 780 2207 a'ufcrrsetur,
809 2145 872 2226 ipse

68 2236 204 2290 praeceps
215 2223 310 2273 lberos
325 2222 363 2291 jad
380 2223 501 2287 patrium
512 2222 794 2289 Regnumpervadit,
810 2224 873 2275 ”ln-

69 2292 155 2343 terim
166 2290 319 2349 Zenobiam
335 2290 375 2351 (id
386 2292 496 2341 mulieri
505 2293 622 2352 nomen)
638 2285 747 2355 placida
756 2288 872 2361 inlunio,

69 2362 225 2428 spirantem
241 2374 275 2410 ac
288 2362 362 2411 uitae
378 2358 556 2410 manifestem
573 2358 720 2411 advertere
730 2357 872 2428 pastores,

71 2435 101 2489 et
121 2428 260 2497 dignitate
281 2428 388 2481 formae
413 2426 486 2491 haud
507 2428 674 2496 degenerem
689 2435 872 2494 reputantes,
910 2463 913 2467 -
949 2473 953 2482 ,

70 2498 199 2565 obligant
208 2498 318 2559 uulnus,
330 2500 456 2565 agrestia
466 2498 650 2568 medicamina
658 2496 809 2559 adhibent3
828 2512 871 2549 co·

69 2568 208 2637 gnitoquc
224 2568 338 2617 nominc
349 2564 459 2630 etiosu,
470 2570 499 2617 iu
508 2568 608 2638 urbem
620 2566 758 2615 Artaxata
768 2564 872 2615 ferunt.

68 2637 143 2689 uude
155 2636 267 2703 publica
277 2647 343 2686 cura
353 2636 472 2687 deducta
483 2636 519 2686 ad
528 2634 688 2697 Tiridaten,
699 2634 872 2699 comiterque

70 2716 197 2776 excepta,
209 2705 285 2757 cultu
294 2705 383 2773 Regio
394 2704 491 2758 habita
500 2710 554 2757 est.
592 2757 610 2774 g
633 2704 636 2709 '
867 2712 872 2718 ·
