2034 3025
130 97 182 152 ιω
252 61 847 166 ΑΝΝΑιινΜ[Α.ν.”773.Α.ο.25.]”
952 96 960 150 ρ

128 200 203 254 taxis
213 208 241 252 et
250 216 313 252 aere
318 199 410 266 prisco
420 215 536 258 manere.
560 200 632 265 quot
640 198 665 259 ti
673 207 777 263 vatam,
794 201 937 257 sonabunt

111 269 166 324 ad
183 268 339 322 testimonio
357 277 500 332 vocentur,
525 270 620 336 plores
632 268 685 320 sibi
698 285 732 321 oc
747 270 938 336 locupletiores

18 331 20 340 ⁴
38 367 40 372 .
87 369 90 378 ·
129 356 192 392 esse.
217 355 301 405 oeque
310 336 467 405 Philippum
472 337 609 404 potentio,
626 338 673 389 sed
681 354 714 390 ex
724 354 787 390 vero
797 340 937 394 statuisse.

128 408 199 461 idem
208 407 294 478 Regis
310 406 457 476 Antigoni,
474 405 546 458 idem
559 405 739 473 Imperatoris
754 406 882 460 Memmii
895 410 939 462 iu·

20 476 26 486 ⁸
129 477 237 529 ilicium
252 523 260 526 -
274 476 312 528 sic
327 471 461 539 Milesios,
481 473 612 543 peremisse
621 474 730 544 publice
744 477 875 540 arbitrio,
888 496 939 547 po-

81 575 82 578 =
128 557 227 599 streoro
237 544 360 614 Atidium
374 545 524 607 Geminum,
535 544 697 597 Praetorem
706 543 835 609 Achaiae,
850 548 939 600 deere-

129 617 206 669 oisee.
234 614 439 666 ltasecundum
449 615 604 666 Messenios
615 615 719 666 datum.
746 616 783 666 Et
792 615 939 684 Segestani

129 686 221 738 aedem
236 682 361 746 Verteris,
380 691 498 738 montem
512 685 587 752 apud
600 683 731 754 Erycum
749 693 886 738 retractate
900 687 941 738 cli·

33 771 37 776 ·
129 756 247 822 lapsam,
269 753 426 822 restaurari
444 753 638 818 postularem
662 759 731 805 nota
749 760 940 808 memorantes

104 865 110 874 .
131 823 166 890 de
182 823 290 890 origine
305 823 365 875 eius
371 857 380 886 ,
407 827 436 874 et
457 822 532 874 laeta
546 823 670 874 Tiberio.
706 825 828 889 suscepit
840 839 940 878 curam

130 890 229 956 libens,
247 893 519 960 utconsanguineus.
543 894 624 944 Tunc
633 896 771 944 tractatae
781 893 940 959 Massilien-

131 963 202 1014 sium
212 977 318 1028 preces,
330 962 532 1031 probatumque
538 961 567 1014 P.
576 962 676 1019 Rutilii
685 962 940 1029 exenrplumtnam-

96 1089 99 1091 ,
131 1047 185 1100 que
196 1045 270 1094 eum,
289 1031 396 1099 legibus
407 1031 525 1098 pulsum,
544 1033 631 1084 civem
641 1032 693 1084 sibi
704 1029 851 1098 Smyrnaei
862 1033 940 1084 addi·
978 1033 984 1042 '

132 1101 243 1152 derant.
260 1102 385 1168 quoiure
396 1099 543 1157 Vulcatius
554 1100 696 1163 Moschus,
714 1101 787 1165 exul,
800 1103 940 1154 inMessi·
976 1101 982 1106 ’

58 1194 62 1202 ν
132 1170 235 1290 lielnses
249 1175 392 1236 receptus,
409 1170 483 1223 bona
497 1185 549 1221 sua
559 1169 637 1236 Reip.
652 1185 763 1235 eorum,
781 1177 813 1222 ut
822 1173 939 1239 patriae,

132 1255 164 1292 re
177 1240 295 1306 iquerat
664 1260 666 1263 ·
818 1246 819 1249 ’

188 1307 288 1362 XLIV.
308 1309 410 1360 Obiere
420 1322 454 1360 eu
465 1322 539 1359 annu
553 1308 605 1360 riri
616 1308 723 1360 nobiles
734 1309 940 1372 Cn.Lentulus,

133 1382 162 1431 et
181 1377 383 1430 In-Domitiu's.
409 1377 566 1441 Lentulo,
601 1391 687 1445 super
707 1379 890 1431 Consulatum
910 1385 941 1431 et

132 1446 313 1515 triumphalia
323 1447 358 1499 ile
369 1447 504 1510 Gaetulis,
519 1447 626 1516 gloriae
636 1447 729 1500 inerat
738 1450 808 1501 bene
817 1450 941 1502 tolerata

132 1524 297 1585 paupertas,
315 1519 505 1587 deinmagnae
516 1532 583 1585 opes
593 1519 759 1570 innocenter
768 1526 892 1586 paratae,
911 1525 942 1571 et

133 1588 259 1640 modeste
275 1586 403 1640 habitae·
430 1588 584 1639 Domitium
601 1588 743 1640 decorarit
754 1593 846 1655 peter,
865 1588 940 1643 cirili

131 1657 208 1709 bello
228 1658 314 1709 uraris
333 1664 444 1725 potens,
467 1658 556 1707 donec
575 1658 688 1707 Antonii
708 1658 848 1721 partibus,
874 1672 941 1710 mox

133 1726 260 1777 Caesaris
271 1728 443 1778 misceretur.
471 1728 546 1777 Avus
555 1723 715 1776 Pharsalica
723 1726 793 1788 scie,
807 1740 859 1791 pro
869 1729 941 1792 opti·

25 1828 53 1840 a
94 1836 101 1842 ,
132 1790 253 1846 metibus
264 1795 414 1847 ceciderat:
433 1796 492 1861 ipse
503 1793 637 1856 delectus,
654 1794 697 1842 cui
709 1794 800 1844 minor
810 1795 939 1858 Antonia,

116 1863 250 1915 ‘Octavia
260 1864 362 1931 genita,
373 1865 401 1913 in
412 1862 619 1913 matrimonium
630 1861 752 1912 daretur.
780 1861 850 1913 Post
861 1876 941 1915 exer·

134 1935 191 1985 citu
210 1931 314 1983 flumen
328 1932 417 1983 Albim
437 1930 639 1994 transscendit,
662 1930 772 1997 longius
792 1938 940 1999 penetrata

134 2002 298 2064 Germania,
318 2016 400 2069 quani
411 2001 554 2067 quisquam
565 2001 699 2066 priorum.
713 2022 716 2027 ·
736 2015 837 2070 easque
848 2004 883 2055 ob
894 2018 942 2055 res

89 2124 96 2129 ,
134 2071 254 2138 insignia
264 2068 396 2136 triumphi
408 2069 527 2135 adeptus
538 2074 591 2121 est.
628 2069 705 2121 Obiit
713 2074 743 2122 et
752 2070 785 2123 L.
794 2073 941 2135 Antonius,

79 2158 81 2168 ¹
134 2140 222 2193 multa
233 2136 400 2191 claritudine
410 2139 530 2207 generis,
549 2138 600 2191 sed
611 2139 783 2207 inprospera
818 2157 883 2193 nam
894 2158 942 2209 pa·

133 2216 178 2263 tre
195 2210 268 2273 eius,
285 2209 347 2261 lulo
362 2210 496 2272 Antonio,
519 2210 553 2261 ob
568 2208 736 2264 adulterium
751 2209 838 2264 iuliae
849 2217 942 2265 morte

134 2279 247 2347 punito,
268 2276 356 2342 bunc,
383 2278 532 2331 admodum
551 2278 806 2345 adolescentulum,
833 2284 942 2333 sororis

134 2355 278 2417 nepotem,
296 2350 421 2417 seposuit
432 2352 573 2417 Angustus
588 2349 618 2399 in
633 2350 774 2402 civitatem
784 2350 943 2406 Massilien-

134 2434 208 2481 sem,
230 2420 277 2471 ubi
294 2419 384 2485 specie
400 2419 557 2471 studiorum
571 2433 672 2474 nornen
688 2421 819 2473 exsiliite
854 2428 943 2473 retur.

135 2486 247 2550 habitus
257 2494 351 2540 tamen
361 2490 497 2555 supremis
507 2487 611 2553 bonor;
622 2504 740 2559 ossaque
746 2497 825 2543 tumn
837 2491 943 2544 sucta

135 2561 243 2612 riorum
254 2557 344 2611 inlata
353 2574 403 2626 per
412 2558 555 2613 decretum
567 2557 695 2612 Senatus.
840 2600 847 2613 .

148 2672 149 2675 η
186 2628 272 2685 XLV.
291 2628 393 2683 lisdem
413 2628 593 2697 Consulibus,
613 2629 721 2684 facinus
735 2635 818 2684 atrox
832 2632 862 2682 in
876 2630 943 2684 clte-
