2034 3025
141 129 192 182 ree
238 100 482 183 ‘nuunnrvn'
501 131 654 198 [anem.
674 109 829 205 n.o.4s.]'

129 237 202 284 ‘rum
213 233 401 284 fraternitatis
417 249 518 284 nomen
528 249 588 284 curn
600 235 705 300 Populo
716 237 841 289 Romano
855 255 935 291 usur·

129 297 233 368 *pant*
250 302 352 352 lisdem
372 301 470 353 diebus
483 303 513 350 in
529 317 675 353 numerum
690 307 870 370 patriciorum
889 309 936 359 ad·

98 405 105 424 .
139 371 222 419 scivit
231 370 563 421 Gaesarvctustissimum
575 386 712 439 quemque
724 388 739 423 e
749 372 863 435 Senatu,
885 382 937 427 aut

139 440 239 504 quibus
255 439 323 488 clari
337 444 477 503 parentes·
487 437 612 489 fuerant:
639 442 734 505 paucis
748 443 805 492 iam
817 443 933 508 reliquis
943 453 958 484 ι’

138 506 319 570 familiarum,
340 522 416 572 vquan
436 506 569 558 Romulus
589 507 721 559 maiorum
738 515 768 560 et
781 510 813 560 L.
828 510 935 561 Brutus

138 574 271 626 minorum
282 575 406 642 gentium
425 575 648 641 adpellaverant3
676 576 819 628 exhaustis
840 580 936 640 ctiam,

43 659 50 666 ’
140 657 208 710 quas
219 643 349 694 Dictator
360 645 463 696 caesar
472 644 536 711 lege
547 645 651 706 Cassia,
662 652 691 696 et
701 645 833 711 Princeps
843 646 942 713 Aug-u.-

138 716 199 760 stus
209 711 272 777 lege
282 710 385 762 Saenia
394 713 550 778 sublegere.
585 712 731 780 Laetaque
745 711 850 764 haecin
863 713 894 764 R
904 714 949 765 ra

138 780 242 840 urania,
262 780 349 832 multo
362 780 464 846 gaudio
475 782 608 832 Censoris
619 782 771 832 inibantur.
799 783 934 834 Famosos

136 849 249 913 probris
264 863 385 913 quonam
403 849 486 899 modo
506 847 612 900 Senatu
631 846 798 914 depelleret,
813 851 937 919 Uannius,

137 915 233 966 mitem
255 920 284 965 ct
308 931 406 966 recens
430 922 585 984 repertam,
620 932 703 982 quam
728 931 763 966 ex
782 919 936 969 severitate

137 985 240 1050 prisca,
260 985 398 1035 rationem
409 985 544 1046 adhibuit,
561 985 709 1045 monendo,
729 999 817 1035 recum
827 985 937 1050 quisque

138 1051 170 1102 de
180 1067 207 1102 re
217 1053 395 1116 renuntiaret,
411 1062 568 1118 peteretque
581 1051 748 1104 iueoenendi
757 1052 865 1104 ordinis.
886 1053 937 1123 fa·
956 1115 961 1120 .

138 1119 215 1170 citam
225 1120 281 1172 eine
289 1119 331 1173 rei
340 1121 453 1172 neniam.
489 1129 609 1178 etmrotot
620 1119 737 1181 Senatu,
755 1129 782 1170 et
796 1119 940 1172 excusator

138 1186 440 1256 timrilproperiturnm:
469 1188 639 1239 ntiudicinm
651 1185 810 1249 Censorem,
839 1187 937 1240 acPu·

138 1255 288 1321 derepente
298 1257 445 1310 cedentium
455 1255 592 1322 permixti,
604 1254 784 1325 ignominiam
791 1254 935 1308 mollirent.

140 1325 183 1376 Oh
192 1331 228 1376 ea
239 1324 389 1392 Vipstanus
401 1325 504 1377 Consul
514 1325 621 1386 retulit,
643 1323 754 1374 Putrem
765 1323 937 1375 eeuatmae-
963 1378 967 1383 ,

79 1403 83 1408 ’
134 1394 353 1460 pellanduneeete
367 1392 517 1446 Claudum.
552 1392 648 1475 qnippe
654 1391 833 1458 mmniewnm
844 1392 936 1444 Patris

74 1487 84 1493 -
139 1461 253 1515 Patriae
263 1471 483 1530 cognomentum:
510 1460 936 1529 nevarnIlempnilioommeritn

79 1590 85 1603 ¹
139 1547 193 1583 non
203 1530 313 1583 usitatio
326 1532 461 1589 eooalulie
471 1530 635 1584 trenurardo.
671 1529 728 1583 Sed
741 1534 802 1599 ipse
812 1529 938 1581 cohibuit

169 1601 304 1662 nsulem‚
331 1607 364 1651 ut
383 1603 498 1655 nimium
519 1601 725 1651 adsentantem.
758 1599 938 1665 condiditque

139 1672 268 1729 lustrum,
290 1683 344 1734 quo
355 1684 439 1719 censa
448 1674 516 1719 sunt
525 1670 624 1718 civium
636 1681 706 1719 nrrx
716 1673 848 1726 centena,
867 1679 938 1715 xnrv
964 1720 967 1722 Α

140 1738 234 1788 millia.
270 1737 352 1801 leque
367 1736 409 1785 illi
422 1738 485 1785 linis
500 1737 629 1786 inscitiae
648 1749 715 1798 erga
730 1734 842 1783 domum
857 1748 937 1782 suam
967 1796 969 1800 Ι

140 1804 203 1856 fuit.
239 1802 414 1855 haud'multo
431 1808 496 1869 post
535 1801 646 1867 flagitia
656 1800 754 1849 uxoris
774 1812 938 1850 noscereac

140 1874 241 1939 punire
255 1871 384 1933 aductus,
407 1878 441 1921 nt
454 1869 556 1921 deinde
565 1868 726 1919 ardesceret
733 1868 764 1916 in
774 1868 886 1932 nuptias
896 1869 937 1917 in·

139 1946 238 1993 certae
331 1967 334 1971 -

191 2005 292 2059 xxvi.
310 2007 368 2057 Iam
382 2004 559 2066 Messallina
579 2000 717 2053 facilitate
732 2001 937 2055 'adulterIorum

140 2078 170 2127 in
180 2074 325 2129 fastidium
334 2088 428 2134 versa,
458 2072 493 2123 ad
503 2071 662 2137 incognitas
677 2070 808 2122 libidines
817 2070 936 2136 proflue-

138 2144 203 2205 hat3
221 2158 283 2193 cum
293 2141 416 2207 abrumpi
426 2135 662 2194 dissimilationem
671 2142 757 2191 etiam
768 2138 861 2201 Silius,
878 2141 937 2192 sive

140 2212 221 2263 fatali
232 2212 375 2273 vecordia,
394 2226 429 2260 an
437 2208 637 2259 inminentium
650 2207 836 2273 periculorum
847 2222 936 2269 renie-

141 2280 218 2331 dium
231 2282 294 2347 ipsa
308 2279 432 2345 pericula
441 2283 535 2337 ratus,
554 2276 684 2341 urgebat.
721 2274 826 2341 Quippe
838 2290 891 2328 non
906 2293 937 2327 eo

140 2358 262 2411 eentum,
286 2358 318 2399 ut
327 2356 458 2399 senectam
468 2343 607 2409 Principii
619 2343 814 2409 opperirentur.
849 2343 938 2405 intep-

140 2413 334 2469 tihnrinnoxia
345 2415 455 2469 coniitia
461 2430 471 2475 ;
491 2411 615 2481 flagitiis
629 2411 782 2484 manifestio
793 2409 939 2461 untedium

76 2537 79 2543 ,
139 2483 299 2537 abundatia
307 2486 463 2551 petendum:
487 2479 716 2542 udeueconrcior,
730 2479 813 2545 porte
823 2486 940 2529 metuen-

140 2560 197 2609 ter.¹
226 2552 260 2605 Se
271 2554 410 2616 credidero,
431 2551 532 2614 orbum,
551 2548 662 2615 nuptiis,
681 2556 708 2598 et
717 2546 866 2611 adoptando
876 2543 939 2595 Bri-

139 2621 250 2677 tannim
261 2632 406 2690 pnratum:
429 2634 582 2677 mansuram
597 2616 705 2672 eandem
714 2613 886 2667 Messalinae
891 2627 943 2679 po·
