2034 3025
118 104 490 163 mummolenus.
512 103 670 175 [even.
689 104 831 173 nour
854 80 906 160 ere
929 155 930 163 r

103 207 199 276 ginem
210 202 271 253 eius
281 200 362 263 mali,
382 199 494 265 sedper
507 199 606 251 urbem
624 200 723 263 etiam,
742 208 906 267 quocuncta

40 298 44 303 ·
102 271 227 339 undique
238 270 346 321 atrocia
356 273 407 319 aut
417 267 548 335 pudenda
563 266 709 319 confluunt
718 268 907 321 celebrantur-

91 356 169 412 ‚que
192 340 283 407 Igitur
293 339 383 405 primo
394 338 533 404 conrepti,
549 338 596 406 qui
607 336 780 400 fatebantur,
796 336 906 404 deinde,

101 410 209 464 indicio
220 422 331 470 eorum,
358 406 509 458 multimdo
518 408 634 474 ingens,
664 404 738 457 band
749 406 866 472 perinde
877 408 907 457 in

102 480 220 533 crimine
230 476 367 539 incendii,
394 474 816 544 quamodiohumanigeneris,
844 490 907 527 con·
970 508 982 523 .

101 549 171 602 victi
182 551 256 601 sunt.
290 545 522 613 lltpereuntibus
532 544 630 597 addita
638 544 774 609 ludibria,
792 544 907 597 utiera-

102 632 167 672 rum
177 616 267 684 tergis
278 616 412 677 contecti,
439 614 550 666 laniatu
560 630 659 667 canum
669 616 835 677 interirent,
858 621 908 667 aut

39 704 44 708 ·
103 687 234 739 crucibus
244 683 330 737 alfini
336 687 346 747 ,
364 681 598 748 autssammandi,
618 690 713 753 atque,
731 684 780 735 ubi
791 682 907 740 deiecis-

103 761 150 808 set
160 755 232 818 (lies,
251 754 280 803 in
291 768 373 805 usum
385 754 516 804 nocturni
526 754 638 807 luminis
648 759 808 807 urerentur.
832 753 907 805 llor-

102 832 151 880 tos
166 839 233 876 suos
248 824 275 875 ei
284 820 444 889 spectaculo
459 822 537 888 Nero
552 823 708 888 obtulerat,
738 828 768 875 et
783 824 908 875 circense
971 817 977 827 '

103 894 243 948 ludicrum
258 891 371 955 edebat,
398 890 496 944 babitu
514 895 632 962 aurigae
645 894 802 960 permixtus
821 892 908 959 plebi,

103 966 150 1016 rel
159 962 298 1016 curriculo
308 962 453 1017 insistens.
484 961 578 1025 Vnde,
596 976 762 1032 quamquam
773 960 908 1013 adversus

104 1038 204 1085 sontes
224 1036 253 1083 et
272 1030 425 1094 novissima
445 1031 575 1099 exempla
592 1033 725 1094 meritos,
761 1029 908 1083 miseratio

104 1103 266 1163 oriebatur,
295 1104 438 1167 tamquam
453 1114 509 1153 non
523 1100 650 1153 utilitate
664 1101 789 1169 publica,
818 1099 908 1151 sedin

104 1172 252 1225 saevitiam
263 1169 355 1231 unius,
376 1170 600 1233 absumerentur.
877 1226 879 1231 ,

158 1238 244 1294 XLV.
261 1239 377 1291 Interea
395 1238 575 1291 conferendis
595 1240 723 1308 pecuniis
743 1242 910 1307 pervastata

103 1310 203 1374 ltalia,
230 1308 392 1376 provinciae
409 1322 536 1372 eversae,
554 1312 679 1377 sociique
690 1308 786 1377 populi
797 1312 827 1360 et
837 1322 909 1375 quae

105 1380 251 1433 civitatum
271 1376 378 1428 liberae
398 1382 541 1429 vocantur.
586 1378 674 1447 lnque
695 1392 757 1428 earn
776 1377 910 1445 praedam
957 1430 959 1436 ,

106 1447 195 1501 etiam
205 1446 253 1498 Dii
264 1460 385 1508 cessere,
401 1446 529 1512 spoliatis
539 1447 569 1496 in
578 1448 648 1499 urbe
659 1446 783 1513 templis,
799 1450 910 1512 egesto·
953 1460 959 1483 -“

107 1532 162 1586 que
173 1526 257 1581 auro,
281 1514 356 1584 quod
365 1513 531 1581 triumphis,
555 1517 630 1584 quod
641 1517 714 1567 rotis
721 1551 730 1578 ,
742 1539 743 1542 ¹
754 1514 909 1567 omnisPo·

107 1586 167 1655 puli
177 1588 296 1638 Romani
306 1590 388 1636 aetas
399 1599 549 1653 prospere,
571 1586 658 1636 autin
670 1593 762 1647 metu,
782 1597 910 1634 sacrare-

109 1661 162 1707 ret.
197 1656 364 1717 Enimvero,
387 1669 439 1721 per
449 1655 544 1707 Asiam
556 1659 641 1721 atque
651 1652 781 1705 Achaiam
794 1667 850 1704 non
863 1653 911 1706 do-

47 1730 52 1734 ’
108 1729 280 1787 natantum,
307 1722 357 1774 sed
367 1723 517 1792 simulacra
528 1721 677 1775 Numinum
689 1723 910 1790 abripiebantur,

108 1795 202 1846 missis
212 1794 242 1842 in
253 1807 301 1844 eas
312 1793 471 1858 provincias
480 1793 585 1844 Acrato
596 1792 761 1846 acSecundu
769 1793 911 1844 Carinate.

107 1862 159 1917 llle
178 1862 312 1924 libertus,
342 1861 505 1930 cuicumque
531 1860 642 1929 flagitio
666 1868 826 1930 promptum
855 1861 911 1925 hic,

109 1933 221 1985 Graeca
228 1930 357 1982 doctrina
368 1944 417 1984 ore
427 1935 512 1982 tenus
524 1934 675 1994 exercitus,
696 1932 818 1984 animum
828 1931 910 1984 bonis

108 2003 217 2055 artibus
228 2013 284 2052 non
295 1998 435 2051 induerat
470 1999 629 2053 Ferebatur
641 2000 765 2064 Seneca,
783 2015 835 2067 quo
844 1997 910 2055 invi·
932 2001 936 2024 ⁵

108 2073 180 2124 diam
191 2066 359 2137 sacrilegiis
370 2075 451 2121 semet
461 2077 606 2134 auerteret,
623 2071 772 2140 longinqui
782 2071 858 2124 ruris
869 2083 912 2122 se·

108 2155 217 2213 cessum
238 2137 367 2201 oravisse,
403 2145 443 2202 et,
474 2145 618 2206 postquam
637 2156 690 2194 non
709 2138 910 2202 concedebatur,

101 2210 174 2282 fictu
183 2205 349 2270 valetudine,
379 2205 457 2274 queri
470 2223 502 2260 ae
523 2225 552 2262 er
568 2209 671 2276 nervia,
699 2209 848 2263 cubiculum
858 2225 911 2260 nore

108 2293 241 2350 egressus.
276 2219 570 2344 Tradiderequitfarn,
597 2294 725 2332 cenenum
741 2277 766 2329 ei
771 2294 823 2346 per
832 2277 910 2330 liber·

109 2357 167 2401 tum
176 2347 275 2417 ipsius,
292 2346 338 2398 eui
346 2362 439 2410 nomen
450 2346 612 2413 Cleonicus,
627 2348 844 2416 paratumiureu
856 2343 909 2397 Ne·

107 2418 200 2472 nonin
225 2414 548 2484 vitatumqueasmca‚
569 2417 723 2486 proditione
733 2415 838 2479 liberti,
863 2429 910 2466 eeu
942 2455 949 2467 .

105 2487 218 2558 propria
226 2484 395 2561 formidine,
409 2486 486 2549 ,dum
501 2487 617 2555 simplici
631 2487 705 2540 uictu
715 2495 744 2540 et
757 2482 911 2554 agrestibus

104 2557 205 2626 pomis,
225 2573 272 2621 ac,
292 2551 387 2605 sititis
397 2555 565 2628 admoueret,
582 2551 909 2626 profluenteeqoavitam

107 2629 215 2680 tolerat.
270 2639 275 2646 ’
421 2633 425 2637 ’
