2034 3025
125 109 185 178 212
249 109 482 189 ‘nonnarum
505 91 661 182 [aune.
681 110 822 179 aare]

43 277 51 291 ,
124 213 202 270 'tium
214 212 327 288 aequos,
343 220 538 287 praesentibus
548 218 675 282 mobiles,
690 219 945 290 ‘adpoeuitentiam

39 288 43 296 '
100 290 245 340 ‘'mutari.
390 313 394 319 ·
646 334 648 346 ‚
929 294 933 300 '

157 356 162 364 '
192 353 540 427 remurmuremus,
559 355 841 425 profugoiirtabano,
852 357 940 416 etde·

131 429 175 481 xis
192 428 228 480 ad
243 443 345 480 novum
360 427 465 494 Regem
478 425 657 493 popularium
676 428 790 491 animis,
810 427 945 480 hortatus

131 498 286 559 Tiridaten,
302 505 406 564 parata
424 510 572 562 capessere,
592 497 679 550 robur
694 497 836 563 legionum
851 501 943 558 soei&

69 607 76 631 Ι»
122 573 248 633 'rumque
263 567 353 632 ripam
367 565 403 615 ad
413 563 563 630 Euphratis
581 565 668 617 ducit.
692 563 945 630 ‚sacrificantibus

97 656 99 660 ’
131 634 943 704 cumbicmoreitomarrosuovetauriliadaretil‘leequum

128 703 352 773 placandoamni
367 703 540 767 adornasset,
558 705 723 756 nuntiavere
738 705 865 768 accolae,
882 705 945 758 Eu-

123 772 245 844 phraten
256 774 332 824 natta
342 769 470 824 §trebrium
479 771 517 836 oi,
526 781 619 840 sponte
629 781 657 824 et
666 772 814 826 inmensum
824 775 924 826 adtolli
929 792 943 836 ,·

120 842 211 894 'amul
219 841 369 893 albentibus
379 841 489 908 spontis,
504 839 534 894 r‘n
545 842 650 892 randum
660 841 830 907 diaconam,
844 843 940 896 sinuo·

127 911 263 972 reorbeu
281 909 432 978 auspicium
448 910 788 978 prosperetranrgrenor.
824 913 939 980 quidam

128 981 256 1032 callidius
267 982 532 1047 interpretabantur,
541 979 625 1032 initio
635 989 748 1032 conones
757 983 883 1051 secundo,
895 999 940 1034 ne·

129 1067 180 1120 que
190 1049 338 1102 diuturna:
355 1050 420 1118 puio
431 1065 530 1112 eorum,
550 1065 619 1114 quae
628 1057 705 1102 terro
715 1053 820 1102 caelove
827 1060 942 1118 porten-

88 1158 96 1177 ,-
128 1122 265 1183 alerentur,
281 1119 383 1171 certior
385 1119 457 1188 fides
464 1135 476 1176 ,⁰
485 1117 634 1186 fluminum
643 1117 778 1170 instabilis
788 1129 892 1170 natura
903 1119 941 1170 ri·

48 1252 50 1255 Ι
108 1232 112 1238 .
126 1190 185 1241 mul
193 1189 344 1241 ostenderet
354 1187 442 1241 omina
453 1197 622 1254 raperetque.
645 1204 648 1206 ·
658 1185 714 1238 Sed
724 1193 810 1254 ponte
821 1189 938 1240 naribus
969 1245 974 1253 .

100 1271 103 1275 ·
128 1257 245 1322 efferto,
267 1259 451 1324 tramissoque
472 1259 611 1318 exercitu,
630 1258 737 1322 primus
757 1257 938 1324 Ornospades

125 1327 222 1378 multis
233 1329 356 1394 equitum
372 1327 495 1378 millibus
503 1327 533 1375 in
548 1328 744 1377 contravenit:
763 1326 841 1379 exsul
851 1340 938 1394 quon·

106 1401 108 1403 ’
126 1397 200 1459 daur,
213 1401 241 1448 et
250 1397 373 1460 Tiberio,
389 1412 451 1447 conr
461 1395 650 1447 Dadmaticum
660 1396 765 1448 bellum
776 1399 936 1460 conticeret,

125 1459 201 1518 haud
211 1467 346 1535 inglorius
357 1467 516 1529 auxiliator,
530 1479 619 1534 eoque
631 1467 743 1519 civitate
754 1465 878 1519 Romana
889 1463 937 1517 do·

92 1559 94 1564 ·
124 1543 223 1587 natus:
235 1552 309 1601 mox,
318 1538 440 1603 repetita
451 1538 574 1588 anrieitia
585 1536 675 1605 Regis,
687 1537 776 1587 multo
787 1536 864 1603 apud
869 1550 936 1587 eum

76 1646 87 1657 .
125 1602 244 1667 honore,
265 1606 423 1672 praefectus
439 1608 554 1673 campis,
574 1608 620 1673 qui
636 1604 779 1672 Euphrate
796 1610 825 1657 et
840 1607 935 1677 Tigre,

107 1677 110 1681 '
125 1674 241 1731 inclutis
255 1676 391 1738 amnibus,
412 1674 575 1736 circumflui,
595 1674 816 1739 Mesopotamiae
831 1672 935 1726 nonren
960 1716 963 1721 .

89 1776 94 1787 ·
126 1752 303 1809 aeceperunt.
338 1744 435 1811 Neque
449 1744 542 1794 multo
563 1747 626 1807 post
640 1740 772 1792 Sinnaces
792 1748 876 1807 auget
890 1756 935 1793 co-

125 1813 199 1880 pias:
218 1817 247 1863 et
262 1812 391 1864 columen
409 1816 529 1879 partium
539 1810 695 1875 Abdagesesg
709 1823 807 1875 gazam
818 1816 847 1861 et
855 1824 934 1876 para-

124 1889 173 1932 tus
183 1881 287 1948 Regios
296 1882 399 1933 adiicit.
434 1879 576 1940 Vitellius,
588 1884 745 1949 ostentasse
755 1878 881 1930 Romana
891 1895 933 1931 ar·

117 1963 173 2002 'rna
182 1953 251 2001 satis
261 1956 348 2014 ratus,
362 1955 458 2001 monet
467 1948 612 1999 Tiridaten
626 1948 830 2014 primoresque:
850 1946 933 2013 hunc,

122 2017 279 2073 Pirotorto
289 2019 335 2071 ori
345 2028 372 2071 et
381 2017 479 2069 ultoris
490 2014 625 2078 Caesaris,
644 2032 713 2085 quoe
724 2016 865 2086 utrobique
871 2020 933 2086 pot·

124 2086 202 2151 ahto,
212 2088 378 2140 meminerit:
394 2088 470 2150 illos,
485 2084 638 2153 obsequium
647 2086 677 2137 in
687 2083 798 2155 Regem,
813 2103 933 2139 reveren·

124 2159 193 2218 tiam
207 2156 237 2210 in
251 2174 308 2220 ner,
327 2157 405 2208 decor
424 2156 536 2225 quisque
551 2162 629 2207 tuom
640 2164 667 2207 et
679 2154 764 2225 fldem
774 2155 931 2209 retinerent.

125 2230 189 2283 exin
199 2241 261 2277 eum
271 2227 427 2293 legionibus
436 2228 466 2278 in
476 2225 587 2292 Syriam
597 2225 738 2278 remearit.
853 2230 860 2249 ‘

183 2296 339 2348 xxxviii.
374 2296 453 2359 Quae
470 2296 577 2361 duabus
592 2296 744 2346 aestatibus
759 2300 852 2363 gesta,
871 2308 931 2345 oon·

83 2370 93 2386 ¹⁴
121 2366 285 2432 iuuenisque
305 2366 496 2432 requiesceret
515 2366 622 2415 animus
638 2380 655 2415 a
668 2364 827 2415 domesticis
843 2364 930 2431 malis.

46 2447 51 2462 ²
122 2430 932 2501 NomenimTiberium,quamquamtriennioposti-„nedem

17 2496 36 2578 Γ
94 2518 98 2523 ·
121 2497 228 2566 Seiani,
247 2518 319 2570 quae
335 2509 443 2555 eeteros
453 2503 565 2555 mollire
576 2503 676 2565 solent,
694 2508 812 2569 tempus,
827 2516 930 2568 preces,

122 2573 217 2633 satias,
228 2571 401 2639 mitigabant,
419 2575 485 2640 quin
501 2575 616 2636 incerta,
631 2572 676 2625 rel
687 2571 799 2635 abolito,
809 2586 861 2637 pro
870 2586 930 2638 gra·

92 2645 94 2650 ·
121 2640 243 2698 vissimis
262 2646 293 2696 et
310 2642 469 2698 recentibus
488 2643 610 2712 puniret,
645 2642 688 2697 Eo
702 2647 779 2697 metu
789 2639 929 2698 Fulcinius
