2034 3025
211 99 266 155 Dll
286 101 509 175 GERMleA
529 102 614 157 csP.
631 104 752 162 41-43.
778 59 783 63 ⁹
829 111 877 164 261

81 207 161 266 tibus.
180 209 210 259 ln
222 208 428 261 Hermunduris
439 208 518 260 Albis
529 209 629 271 oritur,
639 208 742 264 flumen
752 199 881 268 inclitum

81 279 109 328 et
119 281 215 328 notum
227 278 306 340 olim;
324 293 397 328 nunc
408 282 519 328 tantum
531 276 666 329 auditur.-

136 345 220 398 XLll.
248 347 331 398 luite
348 345 564 404 Hermunduros
585 345 705 411 Naristi,
726 364 759 400 ae
777 349 880 405 deinde

79 414 271 466 Marcomanni
283 421 312 466 et
323 416 412 477 Quadi
424 420 522 482 agunt.
545 413 698 482 Praecipua
707 417 882 472 Marcoman·

79 499 177 534 norum
188 484 281 551 gloria
291 486 431 552 viresque,
442 489 527 551 atque
538 485 601 552 ipsa
611 486 696 535 etiam
708 486 805 550 sedes,
842 490 882 541 ul·

79 554 117 603 sis
128 553 193 603 olim
206 553 298 615 Boiis,
318 554 423 604 virtute
438 559 528 620 porta.
564 552 624 605 Noc
633 553 743 606 Narisci
755 506 881 618 Quadive

78 621 258 690 degenerant.
287 623 381 688 [laque
392 621 562 674 Germaniae
571 623 649 673 velut
658 619 739 674 frons
751 630 804 689 est,
815 641 881 692 que·
942 630 947 636 '

77 695 160 741 tenus
178 689 308 741 Danubio
327 693 503 759 protegitur.'
534 691 743 759 Marcomannis
765 694 882 754 Quadis·
918 702 923 709 ’

79 773 131 824 que
146 773 235 826 usque
250 759 286 810 ad
302 765 425 812 nostram
439 761 602 812 memoriam
612 755 705 828 Reges
715 771 883 819 manserunt

79 835 209 895 erigente
220 829 355 894 ipsorum,
366 830 461 881 nobile
469 829 637 880 Marobodui
646 829 880 901 etTudrigenris:

76 896 130 946 iam
143 903 172 948 et
182 903 316 950 externos
327 901 482 965 patiuntur.
518 897 574 955 Sed
587 898 629 948 ris
645 903 675 949 et
689 900 881 965 potentialia·

76 966 158 1033 gibus
170 981 204 1018 ex
221 969 392 1018 auctoritate
407 968 542 1018 Romana.
570 981 636 1022 raro
657 969 743 1018 armis
763 971 882 1034 nostris,

76 1037 187 1102 saepius
196 1037 325 1102 pecunia,
336 1037 478 1086 iuvantur.

34 1100 37 1116 ¹
134 1103 233 1155 XLlll.
252 1104 310 1168 Nec
320 1105 411 1155 minus
422 1103 517 1152 valent
526 1107 605 1153 retro
617 1102 766 1171 Marsigni,
781 1105 882 1157 Gothi.

75 1174 118 1236 ni,
136 1172 203 1234 Osi,
224 1173 312 1224 Burii.
340 1177 422 1238 terga
431 1171 696 1223 Marcomannorum
708 1174 881 1234 Quadorum·
911 1214 915 1218 .

48 1269 50 1276 ·
75 1257 129 1309 que
140 1239 281 1294 claudunt.
310 1241 440 1310 equibus
448 1241 600 1305 Marsigni,
619 1247 648 1291 et
658 1241 738 1292 Burii
749 1256 880 1297 sermone

74 1311 207 1379 cultuque
220 1309 325 1362 Suevos
340 1310 478 1361 referunt
516 1307 655 1360 Gotbinos
667 1309 788 1374 Gallica,
806 1312 880 1365 Osos

74 1379 237 1430 Pannonica
246 1380 352 1446 lingua,
368 1380 506 1444 coarguit,
522 1392 579 1428 non
590 1393 654 1428 esse
665 1378 831 1441 Germanos,
850 1387 880 1433 et

73 1447 149 1515 quod
160 1449 266 1498 tributa
280 1449 434 1515 patiuntur.
463 1451 574 1514 partem
587 1447 759 1515 tributorum
770 1446 880 1500 Sarme-

72 1522 129 1576 tae,
140 1523 248 1583 partem
261 1516 359 1579 Quadi,
372 1521 405 1566 ut
416 1516 595 1582 alienigenis,
606 1517 753 1582 inponunt.
781 1518 880 1569 Gothi-

71 1586 111 1646 ni‚
124 1598 178 1652 quo
189 1587 278 1653 magis
289 1586 401 1651 pudeat,
411 1590 440 1635 et
450 1584 558 1635 ferrum
568 1582 714 1635 effodiunt.
726 1589 878 1653 omnesque

71 1650 101 1705 hi
113 1654 209 1720 pepuli
220 1670 308 1722 pauca
318 1654 528 1719 campestrium,
543 1658 668 1724 ceterum
679 1655 767 1705 saltus
779 1662 809 1705 et
818 1671 878 1706 rer·

70 1724 143 1774 tices
153 1724 289 1774 montium
301 1724 462 1790 iugumque,
473 1722 647 1773 insederunt.
659 1741 663 1750 ¹
675 1722 793 1773 Dirimit
803 1727 877 1776 enim

69 1791 228 1858 scinditque
240 1791 368 1842 Sueviam
379 1793 542 1843 continuum
552 1788 691 1843 montium
707 1788 818 1860 iugum,
837 1794 879 1845 ul·

68 1865 117 1913 tra
127 1861 201 1928 quod
211 1860 348 1927 plurimae
359 1867 459 1927 gentes
471 1867 568 1927 agunt.
580 1876 615 1913 ex
625 1862 725 1926 quibus
735 1861 875 1915 latissime

68 1934 150 1997 patet
161 1928 314 1996 Lygiorurn
326 1945 428 1983 nemen
438 1932 468 1981 in
483 1930 578 1997 plures
593 1931 723 1981 civitates
734 1929 875 1983 diffusum.

67 1998 288 2059 valentissimas
299 2000 459 2056 nominasse
470 1998 604 2057 sufficiet,
624 2000 721 2061 Arios,
739 2000 876 2053 Helveco·

67 2082 132 2129 nas,
153 2068 303 2129 binomios,
324 2069 446 2134 Elysios,
460 2066 644 2120 Naharvalos.
679 2069 758 2136 Apud
769 2068 875 2121 Nahar-

67 2136 148 2187 salos
160 2137 292 2203 antiquae
305 2137 452 2202 religionis
466 2137 546 2187 lucus
561 2137 731 2189 ostenditur.
766 2138 876 2189 Praesi-

59 2201 119 2257 ‘det
130 2203 265 2256 Sacerdos
276 2206 406 2256 muliebri
417 2209 532 2256 ornatu:
551 2205 601 2256 sed
611 2203 695 2269 Deos,
713 2204 876 2272 interprete·
924 2212 927 2219 '

66 2271 284 2335 tieaeRemane
302 2270 440 2324 Castorem
449 2270 639 2341 Pollucemque
649 2281 815 2326 memorant.
833 2276 876 2327 Ea

66 2344 110 2394 vis
122 2342 245 2393 nunrini:
264 2356 366 2393 nomeu
381 2339 464 2392 Atria.
493 2342 571 2393 nulla
587 2343 747 2405 simulacra,
767 2343 874 2396 nullum

64 2413 239 2479 peregrinae
254 2411 466 2477 superstitionis
480 2411 641 2478 vestigium.
668 2417 700 2463 ut
713 2408 819 2463 iratres
834 2421 875 2463 ta

64 2496 148 2544 men,
167 2485 199 2531 ut
214 2482 342 2545 iuvenes,
361 2484 541 2531 venerantur.
578 2480 710 2540 Ceterum
720 2480 876 2549 Ariisuper

65 2551 159 2612 vires,
173 2549 274 2617 quibus
285 2555 465 2600 enumeratos
481 2550 574 2615 paullo
586 2555 653 2601 aute
668 2548 786 2617 populos
797 2554 874 2601 ento·

46 2619 183 2685 ‘cedunt
193 2624 299 2685 truces,
308 2618 412 2673 insitae
421 2616 533 2673 feritati
544 2624 607 2671 arte
617 2624 787 2689 attempero
797 2617 873 2673 leno·
890 2640 896 2650 κ

604 2806 611 2831 i
