2034 3025
71 80 157 135 Lus.
167 77 209 131 ll.
230 77 316 133 GAP.
325 76 447 133 83-85.
462 76 510 149 [Δ.
520 81 555 133 V.
567 96 627 148 772·
644 78 789 153 &Cap-1
816 78 853 136 05

39 202 159 241 turenae
168 189 373 233 statuerentur:
390 183 465 235 ledor
480 182 612 235 &censes
626 183 727 238 elma
747 184 853 308 effigere

39 256 178 325 praeiret.-
195 267 261 304 aeae
275 250 334 319 quis
343 248 456 305 Flam
471 258 522 305 aut
532 249 632 322 Aeger
645 252 674 306 ia
684 254 769 307 been
812 272 853 309 er·

41 325 150 387 serenici,
171 318 228 375 ntae·
243 320 337 387 gentis
354 319 454 383 lullae,
473 331 623 375 crearetur.
660 324 746 375 Aruas
765 323 852 378 additi

41 395 149 447 Romae
171 396 202 443 et
222 389 294 456 apud
313 393 403 457 ripum
421 389 521 455 Rheni,
541 396 571 445 et
589 394 619 445 in
637 400 733 446 monte
753 390 853 460 Syriae

42 468 161 525 Aniano,
170 476 233 511 eum
242 461 422 526 inscriptione
432 476 526 513 rerum
534 468 854 530 gestarumeemorsen

43 528 345 599 olRempublols’isee.
374 531 531 597 sepulerum
541 531 713 596 Antiochiae,
733 533 780 585 ubi
796 547 854 587 cru·

41 611 147 657 matus:
167 598 294 652 tribunal
302 598 491 667 Epidaphnae,
501 616 556 668 quo
566 604 595 655 in
605 602 666 655 luco
678 603 763 655 ritum
774 604 853 655 linie-

41 680 92 727 rat.
131 668 298 723 statuarum
308 669 477 734 locorumve,
487 672 516 723 in
527 673 588 739 quis
599 672 767 737 tolerentur,
778 670 853 727 haud

42 742 125 796 facile
147 740 212 809 quis
231 755 377 793 numerum
397 740 500 791 inierit.
536 742 603 793 Cum
621 750 782 799 censeretur
796 742 853 812 ely·

41 826 110 883 peus
119 824 193 864 aure
201 813 230 861 et
239 809 429 877 magnitudine
438 809 563 877 insignis,
573 812 646 867 inter
655 818 786 866 auctores
796 812 854 866 eie·

42 882 187 951 quentiae,
201 878 379 931 adseveravit
388 880 526 943 Tiberius,
535 881 644 933 solitum
655 898 802 953 peremptas
812 898 850 936 ee·

43 952 109 1006 teris
120 946 287 1002 dicaturum.
305 965 390 1016 neque
400 949 470 1001 enisa
484 951 662 1017 elequentiam
671 950 791 1021 sustene
802 952 853 1005 dit·

42 1018 135 1076 enni.-
153 1026 182 1070 et
192 1017 260 1070 satir
270 1017 397 1083 inlustre,
416 1018 551 1071 sineteree
565 1018 852 1087 interscriptos-esle-

43 1091 166 1144 leretur.
188 1088 339 1155 ‚Equester
353 1089 423 1140 ordo
438 1104 551 1141 cuneum
564 1088 721 1143 Germanici
730 1090 853 1157 adpelle·

44 1164 92 1223 rit,
100 1162 152 1229 qui
162 1156 470 1223 lenierumdieebatur3
489 1160 675 1228 instituitque,
691 1162 731 1211 uti
741 1166 851 1213 turmae

42 1231 141 1283 Idibus
160 1228 239 1280 luliis
257 1230 409 1295 imaginem
423 1230 483 1280 eius
498 1236 693 1297 sequerentur.
719 1230 852 1299 pleraque

43 1304 175 1353 manent:
193 1298 436 1365 quaedamstatim
447 1301 551 1352 omissa
564 1306 639 1364 sunt,
659 1304 710 1351 eut
728 1305 854 1353 vetustus

44 1370 221 1422 oblitteraiit

56 1474 59 1477 -
97 1437 255 1491 LXXXIV.
274 1438 413 1501 Cetemm,
431 1441 543 1490 recenti
552 1436 645 1489 adhue
653 1438 804 1499 moestitia,
814 1451 857 1489 eo·

44 1524 95 1563 ror
105 1508 276 1572 Germanici,
286 1508 374 1572 livia,
384 1515 473 1576 nupta
482 1508 586 1570 Druso,
597 1506 666 1559 duos
677 1506 764 1560 uirilis
774 1521 858 1560 sexus

45 1579 131 1631 simul
141 1579 226 1630 enixa
235 1584 287 1630 est.
306 1578 389 1646 quod,
408 1593 505 1629 rerum
522 1578 684 1644 laetumque
701 1577 786 1630 etiam
802 1591 857 1628 mo-

46 1650 116 1700 dieis
126 1647 290 1712 Penatibus,
310 1653 390 1700 tauto
405 1647 509 1715 gaudio
521 1647 678 1714 Principem
689 1645 808 1710 adfecit,
826 1653 859 1698 ut

46 1735 102 1770 non
111 1719 326 1784 temperaverit,
347 1721 414 1786 quin
426 1719 547 1770 iactaret
567 1717 641 1786 apud
656 1716 768 1781 Patres,
788 1715 859 1770 nulli

45 1797 111 1842 ante
119 1787 307 1841 Romanorum
316 1787 434 1841 eiusdem
447 1788 566 1861 fastigii
580 1787 639 1840 vire
649 1785 782 1856 geminam
792 1787 858 1840 stir-

44 1857 227 1926 pemeditam.
246 1874 310 1910 nam
321 1864 430 1922 cuneta,
449 1861 534 1910 etiam
545 1857 673 1922 fortuita,
692 1857 728 1909 ed
738 1857 856 1926 gloriam
896 1897 899 1904 ,

46 1929 184 1981 uertebat.
212 1925 268 1980 Sed
278 1929 390 1996 populu,
401 1928 452 1984 tali
460 1929 490 1980 in
500 1933 635 1994 tempore,
649 1927 678 1979 iu
689 1942 798 1996 queque
809 1928 856 1980 do·

45 1996 137 2050 lorem
146 1996 228 2061 tulit3
246 2001 391 2068 tamquam
400 2003 498 2050 auetm
512 1999 610 2051 liberis
620 1997 729 2050 limus
743 1997 856 2052 demum

46 2066 208 2120 Germanici
218 2069 306 2135 magis
316 2073 438 2138 urgeret.
568 2067 577 2084 ⁹
720 2105 723 2110 ,

96 2136 241 2190 LXXXV.
259 2137 367 2191 Eodem
377 2151 451 2189 annu
464 2138 595 2206 grauibus
605 2135 724 2192 Senatus
735 2135 856 2189 decretis

43 2206 130 2260 libido
143 2206 312 2259 feminarum
324 2210 454 2271 coercita,
473 2214 649 2276 cautumque,
668 2223 702 2261 ne
715 2215 856 2274 quaestum

44 2276 857 2417 mittitete?,ittettittittittttt

46 2421 160 2486 genita,
184 2417 327 2468 licentiam
346 2418 437 2484 stupri
455 2413 530 2484 apud
549 2417 660 2470 Aediles
679 2417 857 2484 vulgaverat3

45 2502 126 2542 more
141 2489 218 2539 inter
234 2493 343 2540 veteres
356 2492 486 2555 receptu,
506 2489 553 2554 qui
563 2489 631 2538 setis
644 2499 798 2553 poenarum
810 2483 858 2534 ad·

44 2573 160 2612 versum
172 2556 372 2624 impudicasiu
385 2558 448 2624 ipsa
463 2557 638 2624 professione
652 2555 751 2622 flagitii
764 2553 866 2602 erede·-

44 2629 124 2684 bant.
151 2638 281 2682 exactum
292 2627 463 2689 etaTitidie
471 2626 619 2690 Labeone,
638 2623 766 2679 Vistiliae
776 2622 858 2673 urari-
