2034 3025
84 83 249 178 sinivi.
269 119 460 188 carnaco.
480 121 634 194 [nawa
651 123 790 194 anna
812 125 865 180 ur

61 205 187 227 ...Υ-

58 231 95 283 ob
105 229 291 296 propinquum
302 229 374 279 ritae
385 229 478 279 tinem.
497 267 500 274 .
515 227 610 296 Neque
620 227 693 279 enirn
706 229 793 281 multo
804 237 867 295 post

57 301 184 368 supremi
200 299 312 349 Tiberio
329 297 478 360 Consules,
499 297 738 360 Cn.ilcerronius,
756 299 785 348 C.
796 299 867 350 Pon·

58 370 126 430 tius,
136 368 333 433 Magistratum
344 381 490 431 occepere;
508 367 657 432 nimiaianr
671 367 798 431 potentia
808 367 868 420 Ma·

59 437 161 500 crenis,
170 437 217 503 qui
227 435 346 502 gratiam
357 437 385 486 C.
398 435 534 498 Caesaris,
548 450 698 503 numquam
709 435 762 486 sibi
773 435 866 502 negle-

58 513 142 567 ctam,
152 507 241 555 acrius
254 505 281 554 in
293 503 351 554 dies
362 502 482 567 fovebat,
496 504 702 573 inpuleratque,
721 509 786 571 post
794 519 866 555 mor·

58 581 117 628 tem
128 573 267 634 Claudiae,
287 587 369 639 quam
381 579 494 639 nuptam
504 575 530 624 ei
541 573 640 637 retuli,
660 588 866 638 uxoremsuam

56 645 187 705 Enniam,
205 639 371 694 inmittendo
382 644 613 706 amoreiurenem
625 644 751 706 inlicere,
771 648 866 710 pacto·
943 667 947 677 ·

57 727 112 780 que
123 711 295 762 matrimonii
305 711 419 772 vincire,
433 709 502 762 nihil
512 711 688 776 abnuentem,
702 713 767 764 dum
779 713 866 764 domi·

58 783 180 832 nationis
201 781 379 846 apisceretur.
416 779 495 842 Nam,
510 780 563 832 etsi
578 787 734 833 commotus
744 783 866 850 ingenio,

58 849 267 902 simulationum
279 853 372 900 tannen
383 847 454 899 falsa
464 849 493 900 in
502 851 566 900 sinu
577 852 620 901 ari
634 851 829 918 perdidicerat.

119 918 221 970 XLVl.
245 917 369 969 Gnarum
380 915 434 968 hoc
444 916 573 986 Principi,
584 934 671 988 eoque
683 921 820 973 dubitavit
830 920 866 972 da

57 987 198 1046 tradenda
209 987 273 1052 Rep.
285 977 402 1052 primum
414 989 486 1038 inter
496 993 623 1053 nepotes:
642 1005 760 1056 qnorum
770 988 865 1041 Druso

58 1058 180 1125 genitus,
199 1058 333 1122 sanguine
349 1060 378 1106 et
392 1061 510 1108 caritate
530 1059 656 1123 propior,
673 1059 723 1109 sed
742 1058 866 1113 nondum

54 1125 237 1194 pubertatem
251 1127 406 1194 ingressus:
426 1125 584 1178 Germanici
599 1125 657 1194 tilio
673 1127 758 1178 robur
772 1129 867 1179 iurea-

58 1201 114 1258 tae,
129 1192 205 1260 vulgi
220 1193 324 1256 studia,
339 1209 426 1261 eaque
437 1196 510 1262 apud
519 1209 601 1246 avum
610 1195 666 1247 odii
677 1211 784 1248 caussa.
818 1196 867 1248 Er.

57 1265 114 1315 iam
126 1263 161 1313 de
172 1263 287 1318 Claudio
298 1265 429 1330 agitanti,
449 1265 523 1332 quod
539 1266 575 1328 is,
595 1268 748 1332 composita
761 1271 866 1327 aetate,

58 1333 199 1395 bonarum
219 1334 320 1383 artium
331 1334 442 1398 cupiens
462 1338 530 1398 erat,
549 1335 688 1388 inminuta
706 1350 784 1387 meus
805 1335 865 1385 eius

59 1402 178 1468 obstitit.
215 1400 264 1452 Sin
284 1406 364 1453 extra
384 1403 495 1465 domurn
516 1418 659 1456 succensor
672 1410 867 1472 quaereretur,

56 1487 92 1525 ne
103 1471 240 1523 memoria
249 1472 375 1539 Augusti,
386 1487 422 1525 ne
433 1485 534 1525 nomen
546 1473 695 1526 Caesarum
705 1473 733 1523 in
745 1471 866 1524 ludibria

59 1541 280 1599 etcontumelias
290 1545 446 1605 uerterent,
466 1541 618 1593 metuebat.
646 1541 867 1608 qnippeillinon

57 1603 176 1678 perinde
188 1625 269 1661 curae
279 1612 371 1678 gratia
387 1611 586 1677 praesentium,
605 1625 688 1677 quam
699 1612 728 1661 in
739 1616 867 1677 posteros

58 1680 183 1732 ambitio.
219 1679 287 1732 Mox
297 1680 420 1731 incertus
430 1680 524 1741 animi,
545 1678 619 1731 fesso
634 1694 760 1746 corpore,
779 1680 868 1730 consi·

57 1749 137 1812 lium,
152 1750 195 1798 cni
205 1750 285 1815 inpar
296 1754 365 1811 erat,
376 1748 435 1801 fato
447 1749 585 1814 permisit3
603 1749 682 1800 iactis
692 1754 785 1801 tamen
794 1750 867 1800 voci·

57 1818 124 1881 bas,
152 1832 203 1885 per
224 1832 291 1885 quas
311 1817 517 1885 intelligeretur
539 1818 671 1885 providus
695 1816 865 1871 futurorum.
958 1852 961 1856 -
986 1840 991 1851 ·

58 1887 187 1954 Namque
199 1888 399 1949 Macroni,non
410 1886 505 1938 abdita
515 1887 640 1953 ambage,
648 1884 822 1953 Occidentem
831 1886 866 1939 ab

57 1972 88 2009 eo
98 1954 194 2017 deseri,
211 1952 352 2007 Orientem
362 1958 481 2022 spectari
491 1957 675 2022 exprobravit
706 1956 748 2007 ut
759 1958 787 2009 C.
799 1957 866 2008 Gae-

57 2027 128 2089 sari,
150 2023 223 2076 forte
234 2030 297 2075 orto
307 2038 444 2087 sermone,
453 2024 484 2075 b
496 2024 602 2077 Sullam
611 2025 757 2088 inridenti,
776 2026 866 2079 omnia

59 2092 252 2157 Sullaess'tiu,
271 2101 299 2145 et
312 2094 414 2145 nullam
430 2091 545 2146 &uadem
560 2094 690 2148 virtutem
700 2092 866 2157 babituram,

57 2163 207 2231 praedixit.
231 2161 313 2213 simul
329 2162 433 2213 crebris
453 2178 516 2215 cum
534 2164 657 2215 lacrimis
675 2167 810 2217 minorem
829 2178 866 2219 ex

56 2232 207 2298 nepotibus
226 2231 396 2297 complexus,
415 2234 488 2283 truci
508 2231 624 2285 alterius
642 2234 733 2285 vultur
752 2230 865 2284 Occidet
892 2248 898 2252 ’

56 2300 128 2353 bunc
139 2309 179 2362 tu,
198 2302 297 2367 inquit,
317 2308 344 2352 et
355 2308 381 2351 te
392 2299 471 2351 alius.
505 2300 561 2353 Sed
570 2307 751 2369 gravescente
761 2302 865 2353 valetn-
880 2305 883 2312 ’

57 2370 131 2431 dinc,
148 2368 218 2421 nihil
229 2384 243 2419 o
254 2369 412 2419 libidinibus
424 2369 578 2433 omittebat,
596 2374 625 2428 in
635 2372 770 2437 patientia
780 2371 864 2421 tirmi-

56 2438 185 2489 tudinem
207 2438 353 2502 simulaas3
382 2437 537 2505 solitusque
557 2439 671 2493 eludere
691 2440 863 2491 medicorum

56 2513 142 2571 artes,
163 2513 246 2573 atquo
264 2522 320 2569 eos,
341 2508 387 2575 qui
397 2514 459 2573 post
468 2509 640 2560 tricesimum
650 2510 751 2559 aetatis
761 2521 863 2558 annum

56 2576 93 2629 ad
108 2576 323 2629 internoscenda
338 2578 449 2645 corpori
464 2574 516 2629 suo
531 2575 612 2628 utilia
625 2576 670 2629 vel
685 2578 770 2627 noxia
779 2573 862 2625 alieni

57 2644 167 2703 marini
177 2644 342 2715 indigerent.
