2034 3025
96 98 173 153 nin.
188 96 211 149 r.
226 94 441 149 crem-cc
468 96 627 165 [r.v.7sc
644 96 783 165 acre]
806 96 843 154 so

48 209 72 257 in
81 204 186 257 hostem
195 202 353 266 iramocsti
363 190 445 253 siinul
455 206 484 253 et
493 200 597 253 infensi
607 201 773 255 condebant.
783 203 842 257 rer.

49 271 293 325 mumexstruendo
302 270 411 322 tumulo
421 273 554 337 cespitem
562 271 665 322 Caesar
675 274 841 340 posniugn.

47 346 144 395 tissime
154 356 270 393 munere
281 342 309 391 in
319 338 478 403 defunctos,
493 345 522 391 et
532 340 726 405 praesentibus
734 340 840 396 doloris

48 414 138 462 socius.
174 409 256 472 Quod
270 408 384 460 'liberio
401 407 475 460 band
489 408 652 475 probatum,
673 424 725 461 seu
739 420 840 465 cosma

48 480 197 541 Germanici
212 481 241 529 in
253 478 377 529 deterius
386 477 523 540 trabeati,
542 481 601 529 sire
611 480 765 531 exercitum
774 482 840 531 ims-

46 552 104 616 gine
115 563 258 599 caesorum
269 547 526 613 insepultorumque
534 546 678 599 tardatum
687 544 724 599 ad
734 548 842 614 proelis

47 625 71 669 ct
84 616 334 667 formidolosiorem
350 614 471 667 hostium
487 615 634 669 credebat:
662 631 747 683 uem
754 616 843 684 lupe·

45 694 171 749 colorent,
190 692 333 756 auguratu
348 692 375 735 et
385 683 573 737 vetustissimis
583 684 843 755 cantuaniense-

46 754 125 807 de'tnm
133 791 141 816 ,
149 761 304 805 attrectare
307 752 415 825 feralia
426 752 555 805 meon.

93 822 191 875 LXlll.
210 818 267 874 Sed
278 821 472 886 (alemanicus,
486 821 631 875 cedentem
640 824 669 875 in
679 825 743 876 arla
751 824 841 877 Armi·

45 894 114 943 nium
127 898 252 955 secutus,
271 892 319 942 ubi
329 893 451 961 primuni
467 890 624 959 copiasuit,
634 890 713 944 erebi
723 898 841 961 equites,

44 976 230 1027 campumque,
255 976 341 1027 ¹quem
367 958 455 1011 hostis
478 960 635 1024 insederat,
664 964 733 1028 eripi
753 962 840 1015 iubet.

42 1032 174 1080 Arminius
194 1029 288 1096 colligi
304 1042 370 1079 suos
387 1035 415 1080 et
431 1032 616 1096 propinquare
626 1030 702 1082 silvis
711 1034 842 1095 monltos,

42 1101 120 1149 vertit
139 1104 268 1164 repente:
289 1112 355 1149 mox
369 1099 477 1165 signum
493 1098 691 1166 prorumpendl
704 1098 782 1151 dedit
796 1101 841 1163 iis,

41 1182 106 1233 quos
116 1182 166 1233 per
177 1168 263 1218 saltus
274 1168 470 1218 occultaverat.
506 1168 588 1219 Tunc
596 1182 668 1218 nora
677 1170 738 1220 acie
746 1169 841 1221 turbs·

40 1242 82 1286 tus
93 1251 190 1303 eques:
210 1238 366 1309 missaeque
376 1235 560 1297 subsidiariae
569 1235 712 1299 cobortes,
732 1235 840 1306 ettngi·

41 1308 142 1355 entium
154 1307 263 1371 agmine
273 1304 415 1369 impulsae,
426 1312 563 1356 auxerant
573 1308 841 1358 consternationem:

39 1373 277 1439 trudebanturque
289 1376 316 1422 in
328 1372 465 1437 paludem,
471 1388 587 1441 gnaram
598 1376 783 1439 vincentibus,
791 1378 841 1427 ini·

37 1457 122 1508 quam
131 1444 243 1503 nesciis,
251 1445 278 1493 ni
289 1443 392 1493 Caesar
402 1442 554 1508 producens
563 1443 689 1509 legiones
698 1445 842 1495 instruxis-

36 1519 90 1562 set.
120 1509 189 1560 inde
203 1508 326 1564 hostibus
336 1518 442 1575 terror,
452 1512 556 1563 fiducia
564 1513 657 1562 militi:
677 1519 705 1564 et
715 1513 843 1564 manibus

35 1581 135 1647 eequis
153 1579 317 1632 abscessum.
353 1581 422 1632 Mox
427 1616 435 1643 ,
450 1579 567 1632 reducto
577 1580 614 1632 ad
623 1581 756 1632 Amisiam
767 1595 845 1634 exer·

35 1652 107 1711 citu,
128 1649 255 1716 legiones
272 1650 374 1714 classe,
391 1649 601 1712 utadvexerat,
620 1655 760 1715 reportat:
778 1664 844 1717 pars

36 1721 162 1785 equitum
172 1717 254 1771 litore
262 1721 366 1770 Oceani
377 1725 473 1786 petere
479 1718 606 1770 Rhenum
615 1721 705 1770 iussa:
715 1721 844 1785 Caesiam

35 1791 80 1853 qui
91 1802 175 1848 suum
186 1787 302 1838 militem
312 1787 441 1850 ducebat,
451 1790 581 1852 monitus,
592 1803 757 1856 quamquam
767 1792 843 1842 uotis

34 1855 185 1908 itineribus
195 1856 405 1922 regrederetur,
424 1857 529 1908 Pontes
538 1859 637 1925 longos
647 1874 730 1926 quarn
739 1865 843 1912 matur·

34 1928 103 1976 rime
117 1939 266 1990 superare.
299 1927 437 1995 Angustus
452 1929 475 1977 is
489 1933 595 1978 trames
609 1934 703 1978 vastas
712 1930 786 1979 iuter
795 1943 843 1995 pa·

34 1993 129 2058 ludes,
152 1999 183 2045 et
200 1993 337 2060 quondam
354 1995 414 2047 aL.
424 1996 549 2048 Domitio
566 2003 728 2064 aggeratus:
748 2005 844 2049 cetera

33 2061 150 2127 limosa,
170 2066 284 2114 tenacia
294 2067 370 2130 gravi
380 2079 483 2127 coeno,
495 2072 545 2116 aut
553 2068 620 2116 rivis
630 2066 738 2117 incerta
748 2071 844 2129 erant3

32 2134 136 2182 circum
149 2133 246 2196 silvae,
253 2133 397 2200 paullatim
408 2134 544 2185 adclines:
555 2150 624 2202 quas
634 2141 693 2187 tum
702 2136 843 2207 mosinius

30 2201 172 2266 implevit,
183 2203 355 2269 compendiis
365 2205 473 2255 riarum
484 2209 514 2255 et
524 2205 580 2255 cito
591 2207 701 2271 agmine
712 2211 843 2257 onustum

30 2273 149 2321 sarcinis
162 2274 303 2340 armisque
314 2271 429 2328 militem
441 2289 503 2324 curn
515 2277 711 2326 antevenisset.
748 2275 842 2326 (laeci-

30 2351 78 2390 nae
91 2339 253 2403 dubitanti,
264 2357 383 2408 quonarn
393 2343 476 2394 modo
486 2349 583 2410 ruptos
592 2349 732 2395 remstate
742 2351 843 2410 pontes

29 2415 199 2474 reponeret,
215 2410 353 2475 simulque
363 2411 542 2479 propulsaret
550 2412 674 2476 hostem,
684 2419 776 2464 castra
785 2427 843 2463 me-

30 2479 116 2528 teriin
132 2476 197 2528 loco
213 2479 332 2543 placuitz
361 2486 391 2530 ut
411 2495 493 2548 opus,
518 2485 547 2531 et
562 2481 611 2548 alii
625 2482 763 2547 proelium
775 2483 842 2532 inci-

32 2551 138 2597 terent.

72 2611 183 2669 LXIV.
202 2613 322 2688 Barbapi
338 2614 515 2686 perfringere
530 2617 683 2679 statiom,
702 2625 788 2678 seque
803 2595 849 2663 iri-
936 2580 940 2586 ι

22 2727 24 2824 Ι
96 2809 99 2814 ,

22 2827 25 2908 l
