2034 3025
139 149 190 202 ren
223 143 850 221 irrsronmnvru[A.v.o2i.n.c.71.1

139 249 230 314 pritius
243 261 398 313 sumpsere:
418 263 499 316 quem
514 255 628 298 motum
637 248 763 299 caeseris
777 262 852 299 mors
867 241 953 301 dire-²
986 242 988 245 ’

139 318 197 368 mit.
232 316 372 378 Claudius,
392 315 530 368 defunctis
545 317 678 382 Regibus,
695 316 941 370 autadmouicum

140 385 269 446 redactis,
279 384 408 436 Iudaeam
420 386 588 450 provinciam
597 385 743 451 Equitihus
749 386 881 436 Romanis
891 389 942 445 aut

139 453 389 522 libertie‘permisit
398 469 415 504 e
425 449 758 520 quibusdntoniusFelir,
768 468 819 518 per
829 467 941 516 omnen

108 575 109 580 ,
138 523 282 574 saevitiem
297 537 330 572 ee
349 521 499 584 libidinem,
521 523 563 571 ius
578 522 693 587 Regium
713 523 808 573 servili
826 522 941 588 ingenio

139 593 279 652 exercuit,
297 590 432 651 Drusilla,
452 591 617 654 Cleopatrae
629 591 778 642 etAntonii
794 597 893 655 nepte,
909 592 942 644 in

140 659 343 711 matrimonium
353 663 480 724 eccepto:
492 665 524 708 ut
533 658 658 710 eiusdem
665 660 776 711 Antonii
786 659 810 710 F
810 659 868 711 elix
877 673 942 727 pre·

137 744 233 792 gener,
248 727 379 778 Claudius
390 741 474 790 nepos
486 733 571 783 esset.-

190 796 224 846 X.
241 796 462 846 Domitiorum
473 795 609 860 patientia
618 795 726 847 ludaeis
734 810 822 864 usque
831 795 943 848 ediles·

139 866 210 914 rium
219 863 341 926 Florum,
351 863 574 915 Procuratorem.
593 897 596 900 -
610 863 667 915 Sub
679 878 714 915 eo
723 865 828 916 bellum
837 871 942 917 ortum.

139 939 168 984 et
182 933 363 996 comprimere
378 936 552 997 coeptantem
564 932 686 984 Cestium
697 932 821 994 Gallum,
838 932 942 999 Syriae

141 1001 286 1068 Legatum,
300 1001 378 1059 varie
390 1002 496 1066 proelio
504 1017 537 1052 ac
546 1003 658 1066 saepius
667 1001 785 1052 adverse
797 1016 941 1068 excepere·

139 1071 191 1132 Qui
201 1070 248 1120 ubi
260 1068 328 1132 feto,
337 1075 386 1120 out
395 1070 489 1121 taedio
499 1070 610 1132 eccidit,
620 1071 705 1120 missu
711 1069 830 1122 Neronis
836 1071 941 1136 Vespa·

139 1141 231 1189 cianus
251 1137 364 1190 fortune
383 1137 510 1206 tantaque
525 1139 686 1205 etegregi‘u
701 1139 849 1202 ministris,
865 1139 941 1190 intre

140 1208 350 1268 dueseestntes,
366 1213 465 1257 cuncto
475 1221 635 1272 camporum
645 1220 809 1274 omnesque,
828 1213 940 1272 praeter

141 1274 345 1340 Hierosolymo,
366 1275 456 1336 urbes,
471 1277 575 1326 victore
584 1277 707 1329 exercitu
716 1276 837 1333 tenebat
873 1274 941 1326 Pro·

47 1381 52 1388 ,
140 1346 229 1395 ximus
240 1357 327 1394 aurius
338 1343 411 1394 civili
420 1343 493 1394 bello
504 1345 640 1405 intentus,
656 1350 788 1411 quantum
798 1344 835 1395 ed
845 1343 943 1394 ludae-

140 1429 184 1476 os,
205 1428 255 1479 per
270 1413 357 1464 otium
371 1413 490 1462 trensiit.
527 1411 601 1464 Pace
616 1428 667 1478 per
676 1412 786 1463 ltaliam
798 1417 894 1477 parta,
912 1415 944 1462 et

140 1489 273 1535 externae
283 1495 367 1533 curne
377 1481 505 1533 rediere..
528 1481 654 1549 Augebat
664 1481 732 1543 iras,
747 1480 821 1547 quod
832 1479 886 1531 soli
896 1481 940 1531 lu·

139 1552 202 1603 daei
222 1567 277 1601 non
297 1552 453 1603 cessissent.
489 1549 579 1601 Simul
594 1550 942 1615 necuereepudexereitus

139 1622 248 1683 Titum,
268 1619 303 1670 ud
319 1634 414 1671 omnes
427 1618 601 1684 Principutus
615 1620 680 1671 nori
694 1623 810 1670 eventus
828 1632 942 1669 casusve

100 1706 102 1709 ·
141 1690 236 1740 utilius
248 1687 402 1739 ridebatur.
437 1687 648 1753 lgiturenstris,
666 1689 709 1739 uti
723 1687 857 1749 (lirinens,
875 1691 944 1739 aute

139 1758 249 1809 moenie
259 1756 517 1824 Hierosolymorum
528 1758 638 1823 positis,
653 1757 805 1808 instructas
814 1754 943 1822 legiones

140 1826 300 1879 ostentarit.
457 1828 458 1831 ’
935 1872 939 1877 .

188 1894 235 1945 xl.
255 1893 350 1945 ludaei
360 1894 411 1945 sub
421 1894 497 1960 ipses
507 1907 602 1944 muros
611 1897 740 1945 struxere
748 1891 847 1953 eciem,
856 1890 942 1941 rebus

140 1962 267 2013 secundis
287 1961 401 2027 longius·
418 1964 522 2024 ausuri,
544 1967 581 2023 et,
599 1962 622 2011 si
642 1960 822 2026 pellerentur,
840 1960 942 2025 pereto

52 2069 55 2071 .
142 2028 276 2095 perfugio.
312 2030 414 2079 Missus
428 2031 516 2082 ineos
526 2044 684 2095 equescum
696 2028 833 2093 expeditis
843 2025 943 2079 cohor·

141 2098 213 2147 tibus
223 2094 351 2161 ambigue
361 2098 495 2147 certavit·
521 2100 589 2149 lllox
602 2100 713 2149 cessere
726 2095 836 2157 hostes,
853 2101 885 2147 et
898 2109 942 2148 se·

139 2162 285 2233 quentibus
295 2162 391 2215 diebus
401 2166 498 2215 crebre
513 2179 563 2230 pro
577 2167 665 2231 portis
680 2164 787 2231 proelia
796 2165 940 2217 serenante

141 2236 228 2286 donec
238 2232 359 2285 adsiduis
369 2232 559 2302 demnisintra
569 2236 680 2285 moenia
689 2234 867 2299 pellerentur.
885 2233 954 2301 Roq,

141 2304 212 2353 meni
223 2302 259 2353 ad
269 2302 482 2369 oppugnandum
493 2304 575 2354 versi.
595 2318 683 2369 neque
694 2306 767 2355 enim
778 2303 890 2367 dignum
899 2301 939 2351 ri·

141 2370 266 2433 debatur,
286 2371 385 2422 famem
398 2369 517 2422 hostium
529 2373 660 2437 opperiri.
680 2371 942 2438 poscebantquepc·

71 2494 80 2505 J
143 2439 240 2501 ricula,
261 2453 326 2505 pars
340 2440 455 2501 virtute,
475 2440 556 2489 multi
572 2439 677 2492 ferocia
687 2446 716 2491 ct
726 2440 852 2505 cupidine
862 2440 947 2505 praei

141 2509 266 2558 mierum.
300 2508 355 2573 Ipsi
365 2509 430 2557 Tito
440 2508 529 2558 Rome
539 2513 568 2557 et
578 2523 645 2573 opes
652 2509 865 2577 voluptatesque
875 2511 944 2559 unte

142 2575 248 2629 oeulos:
267 2590 307 2637 ue,
321 2578 350 2625 ni
360 2578 455 2627 statim
465 2576 665 2641 Hierosolyma
673 2578 866 2640 conciderent,
882 2588 946 2627 mo·

142 2642 377 2696 *rirideb‘entun
406 2643 461 2695 Sed
470 2643 577 2705 urbem,
587 2645 705 2697 arduum*
713 2648 777 2707 situi,
788 2662 875 2713 opera
884 2659 942 2695 mo-
