2034 3025
147 154 199 210 loo
266 152 493 206 snnnnivn
512 150 597 220 [nv.
611 154 667 223 776.
686 108 821 224 neas]

145 263 302 324 dabantur,
321 260 390 311 adeo
402 266 434 311 ut
444 259 613 312 Procurator
621 264 714 325 Asiae,
732 263 855 315 Lucilius
867 264 945 331 Capi·

143 339 188 395 to,
211 334 357 383 accusante
378 332 534 395 provincia,
558 346 685 381 caussam
705 332 820 394 dixerit,
842 337 946 400 niagno

144 416 204 452 min
216 398 425 451 adseveratione
435 399 578 464 Principis,
594 416 646 451 non
654 414 683 460 se
692 399 744 463 ias,
762 396 954 454 aretinensis

144 470 185 528 lia
196 478 223 520 et
230 468 360 535 pecunias
364 467 531 538 familiares,
553 468 668 519 dedisse:
686 468 788 537 quodsi
796 469 849 520 aim
859 470 952 522 Prae

142 537 211 590 toris
220 544 383 603 usurpasset,
398 536 570 604 manibusque
579 536 694 589 militam
704 538 859 609 messores,
874 542 951 606 spesi

142 615 173 660 ta
183 606 212 659 in
222 624 252 659 eo
262 606 390 657 mandata
401 608 465 656 sua:
483 605 611 657 audirent
620 606 712 659 soee'os.
747 608 790 658 lte
805 620 883 669 reus,
901 621 947 659 co·

11 670 17 679 '
87 684 90 689 '
140 678 219 745 gnito
238 678 365 742 negotio,
392 674 550 734 damnator.
587 675 724 743 thuam
739 676 888 737 ultionem,
916 680 946 727 et

141 746 207 812 quia
216 746 309 810 priore
325 743 397 793 sltno
412 746 441 793 in
453 744 481 812 (l.
492 742 613 794 Silenum
627 744 792 795 vindieatum
805 748 879 807 erat,
898 744 945 795 de·

133 817 253 866 ‘crevere
268 814 348 863 Asiae
365 810 446 863 nibet
464 814 590 879 templum
607 810 717 863 Tiberio
731 812 866 879 matrique
886 812 944 864 eias

141 898 175 934 ac
189 880 311 934 Senatui.
346 876 384 931 st
399 882 560 945 permissum
576 884 713 933 statuere:
741 884 852 948 egitque
867 880 944 933 Nero

140 956 233 1019 grates
244 965 277 1001 ea
288 946 384 999 caussa
393 942 523 1003 Patribus
533 954 617 1017 atque
627 964 692 1013 avo,
712 951 801 1003 laetas
812 952 887 1002 inter
896 966 944 1001 au·

141 1020 274 1071 diensium
286 1017 470 1081 adfectiones,
488 1022 548 1085 qui,
566 1021 672 1069 recenti
683 1022 816 1071 memoria
827 1018 944 1071 Germa·

142 1089 209 1150 niel,
227 1087 305 1137 illurn
321 1087 439 1153 adspiti,
457 1087 535 1137 illum
547 1088 635 1138 audiri
652 1088 797 1139 rebantur:
816 1085 945 1140 aderant·

140 1161 194 1223 que
210 1158 301 1207 iuveni
317 1154 455 1207 modestia
468 1171 502 1206 ac
516 1156 621 1219 forma,
642 1157 765 1223 principe
780 1159 840 1208 viro
851 1157 943 1225 digne,

140 1227 215 1277 notis
225 1227 253 1275 in
265 1240 326 1276 eum
338 1224 429 1276 Seiani
441 1226 521 1288 odiis,
541 1227 575 1276 ob
587 1226 738 1291 perieulum
749 1226 882 1343 &otiosa

185 1293 265 1347 xvi.
284 1293 340 1345 Sub
355 1295 427 1344 inem
438 1298 561 1359 tempus,
579 1294 609 1345 de
620 1292 743 1346 Flumine
783 1294 846 1357 lali,
864 1294 893 1347 ia
908 1296 944 1346 lo·

139 1378 200 1415 sum
216 1362 305 1413 Servii
315 1358 514 1431 Maluginensis
529 1362 790 1433 deflenelidegendo,
808 1363 889 1414 sirnrel
902 1380 945 1414 ro·

137 1433 232 1500 ganda
250 1448 320 1487 noea
341 1432 399 1501 lege
420 1433 551 1489 disseruit
566 1434 675 1483 caesar.
712 1430 789 1492 Nam
801 1432 945 1499 patricios,

139 1500 324 1573 confarreatis
331 1501 492 1568 parentibus
505 1500 626 1572 genitae,
645 1510 701 1554 tres
712 1500 793 1553 simul
801 1500 946 1566 nominari,

141 1587 175 1623 ex
191 1571 251 1638 ursis
266 1587 335 1624 unas
350 1573 502 1640 legeretur,'
518 1579 622 1623 vetusto
637 1587 727 1631 more;
748 1587 831 1638 neque
846 1571 946 1635 adesse,

140 1649 173 1692 al
183 1641 258 1702 olim¹
276 1657 333 1691 sam
344 1640 448 1708 copiam
454 1678 462 1704 ,
481 1640 577 1690 urreissa
588 1639 782 1710 confarreandi
791 1639 947 1692 adsuetam·-
1005 1673 1006 1678 =

140 1726 173 1761 ne
179 1745 188 1771 ,
205 1717 255 1760 aul
264 1708 446 1776 interponens
457 1713 579 1759 retenta.
595 1709 742 1774 pluresque
750 1706 807 1758 elus
817 1708 860 1758 rei
868 1725 947 1760 euas-

139 1793 183 1829 sas
203 1776 360 1847 adferebat.-
384 1776 552 1844 potissimam
569 1791 650 1840 penes
670 1773 804 1826 incuriam
823 1776 946 1830 uirorum

134 1845 368 1918 feminarumque:
396 1845 520 1897 accedere
535 1842 619 1910 ipsias
635 1842 813 1895 caerimonias
828 1843 888 1909 diffi
925 1850 947 1900 l.

140 1923 225 1976 tates,
248 1929 316 1981 quae
336 1916 455 1965 consultu
473 1913 641 1964 vitarentur:
662 1920 689 1962 ei
705 1911 811 1978 quando
826 1914 914 1966 exiret

16 2013 21 2024 ι
110 2005 113 2008 ’
138 1982 307 2048 inerepalria
325 1982 372 2048 qai
380 1982 410 2032 id
417 1977 584 2033 Flaminiam
593 1979 769 2046 apisceretur,
785 1997 904 2050 quaeque
914 1985 945 2039 in

139 2066 247 2103 manum
256 2049 389 2108 Flaminis
404 2049 566 2102 conveniret.
602 2049 648 2100 Ita
659 2046 812 2101 medendum
824 2049 944 2105 denatae

139 2119 254 2181 decreto,
268 2127 319 2169 aut
329 2121 400 2188 lege:
417 2119 489 2170 sieut
497 2116 641 2186 Augustas
650 2118 779 2184 quaedem
790 2136 823 2172 ex
832 2119 945 2178 horrida

58 2225 61 2228 -
138 2186 187 2239 illa
196 2186 363 2254 antiquitate
377 2189 588 2256 adpraesentent
599 2203 675 2239 asam
683 2185 819 2254 flexisset.
851 2191 944 2258 Igitur

138 2258 266 2307 tractatis
275 2257 469 2323 religionibus,
489 2257 630 2323 placitum,
649 2256 944 2312 instilaloFlumlnum

137 2323 210 2376 sinit
219 2324 362 2377 demutari.
400 2325 455 2378 Sed
466 2325 525 2376 lata
533 2326 593 2389 lex,
614 2338 668 2392 qua
677 2325 831 2378 Flunlinica
840 2325 944 2394 Dialis,

139 2406 277 2446 sacrorum
287 2411 395 2460 caussa,
411 2395 441 2447 in
447 2403 585 2463 potestate
598 2395 666 2454 riri,
686 2403 777 2446 celera
787 2395 943 2463 proretiseao

125 2523 128 2531 ¹
139 2461 301 2531 ferreinurum
314 2463 375 2516 lare
389 2472 492 2533 ageret.
529 2467 557 2515 et
573 2465 646 2514 lilius
656 2462 856 2530 Maluginensis
866 2459 944 2532 patri

140 2532 282 2584 suffectus,
318 2533 408 2602 Vsque
419 2535 548 2601 glisceret
559 2534 682 2600 dignatio
694 2531 885 2598 sacerdotum,
900 2540 942 2586 at-

140 2617 193 2668 que
203 2605 269 2669 ipsis
280 2605 433 2670 promptior
443 2604 551 2654 enimus
563 2602 635 2654 foret
646 2603 681 2654 ad
691 2603 871 2667 capessendas
882 2618 943 2657 cae·

93 2689 98 2692 ·
113 2735 117 2742 Ι
141 2673 281 2738 amonius,
296 2673 439 2727 decretum
451 2670 593 2730 Corneliae
603 2669 714 2742 virgini,
731 2672 839 2739 quaein
849 2673 942 2725 locum
