2034 3025
133 107 187 161 142
211 113 236 152 υ
259 103 483 160 insanium
501 102 658 172 [aava
676 103 815 175 meaa]

132 225 224 273 mono,
235 214 266 262 et
273 210 363 276 prima
372 205 485 259 iuventa
495 209 525 259 ὓ.
536 202 693 273 caesarem,
713 208 749 261 D.
759 212 878 279 Augusti
888 226 926 265 ns

131 285 235 347 potem,
253 282 386 340 sectam,
404 278 531 329 nonsine
546 291 668 342 rumore,
686 279 791 345 Apicio,
811 280 891 333 diviti
907 287 938 335 et

129 348 256 415 prodigo,
274 353 402 413 stuprum
421 361 491 398 reno
512 346 634 399 dedisse:
653 360 718 399 mox
732 348 874 402 Tiberium
888 364 937 403 ra·

128 418 181 470 riis
199 417 305 470 artibus
324 416 449 468 devinxit
467 415 552 477 adeo,
569 421 603 467 nt
621 415 768 467 obscurum
788 418 934 472 adversum

128 486 208 550 alios,
227 486 280 538 sibi
295 486 343 537 uni
359 487 501 547 incautum
517 486 709 553 intectumque
723 486 860 540 alliceretr
877 503 934 541 non

128 563 186 608 tam
196 556 333 617 sollertia,
339 554 451 622 (quippe
460 553 559 606 iisdem
570 555 678 606 artibus
688 556 776 607 rictus
787 560 841 620 est)
851 572 935 625 quem

110 624 271 686 1Deum'ira
281 624 310 673 in
319 638 379 675 rem
391 623 559 685 Romanam,
579 624 657 675 euius
673 626 732 690 pari
748 626 833 679 exitio
845 628 936 694 viguit

128 694 291 761 ceciditque.
331 692 437 756 Corpus
456 691 499 744 iili
519 692 648 744 laborum
667 692 805 757 tolerans,
825 697 934 747 animus

127 762 234 815 audax:
249 757 297 813 'sui
308 762 451 829 obtegens,
465 763 494 810 in
504 761 575 812 alios
585 762 760 813 criminator:
778 764 858 816 iuxta
868 765 935 816 adu·

128 831 197 883 latio
217 836 246 883 et
264 829 407 896 superbia:
434 829 526 895 palam
546 832 714 895 compositus
736 832 840 897 pudor,
858 834 935 885 intus

127 914 236 951 summa
248 898 390 966 apiscendi
405 898 507 961 libido,
526 899 640 965 eiusque
650 910 748 951 caussa
758 901 841 953 modo
852 901 935 969 largi·
986 912 994 918 ’

127 969 169 1020 tio
181 975 210 1021 et
221 970 313 1031 luxus,
328 967 437 1033 saepius
447 966 585 1018 industria
595 982 628 1019 ae
638 968 790 1034 vigilantia,
801 968 875 1022 haud
885 972 934 1023 mi·

128 1053 180 1089 nus
189 1039 300 1100 noxiae,
309 1036 440 1103 quotiens
451 1036 576 1102 parando
586 1050 673 1103 regno
684 1038 836 1104 linguntur.

180 1106 213 1159 ll.
230 1105 293 1159 Vim
313 1103 518 1166 Praefectum,
538 1103 673 1155 modicam
694 1112 786 1170 antea,
804 1108 934 1174 intendit,

129 1175 269 1241 dispersas
287 1188 337 1240 per
351 1172 450 1225 urbem
465 1172 594 1225 cohortes
608 1188 664 1224 uua
677 1176 706 1225 in
723 1182 815 1227 castra
830 1178 934 1229 condu-

128 1244 233 1308 eendo;
248 1249 282 1294 ut
296 1241 380 1293 simul
393 1243 512 1307 imperia
532 1244 697 1308 acciperent,
717 1259 888 1314 numeroque
904 1251 934 1299 et

53 1338 58 1352 ·
127 1312 229 1365 robore
239 1317 268 1364 et
277 1312 338 1363 visu
347 1311 461 1363 interae
472 1311 661 1377 tiducinipsls‚
682 1314 709 1363 in
722 1320 830 1365 ceteros
841 1321 932 1367 metus

128 1381 298 1434 crederetur.
339 1378 558 1443 Praetendebat,
582 1380 708 1432 lascivire
726 1382 839 1445 militem
858 1383 934 1435 dide-

127 1457 216 1504 ctum:
230 1448 255 1501 si
265 1447 331 1517 quid
338 1447 457 1502 ruditum
466 1448 590 1520 ingruat,
600 1448 702 1502 maiore
712 1450 817 1505 auxilio
824 1452 934 1520 parites·

127 1518 277 1575 sudomir-i.-
304 1527 334 1572 et
352 1519 469 1572 tenemus
489 1527 609 1583 acturos,
628 1519 653 1571 si
671 1522 771 1572 callum
789 1530 934 1575 statuatur·

124 1591 223 1657 moesi
236 1588 311 1642 erlis
327 1587 478 1643 inlecebris.
514 1589 554 1642 Vt
566 1588 693 1655 perfecta
703 1596 878 1652 cumcontra,
893 1592 934 1644 irr-

127 1657 933 1794 {iliiiilliillllili:lilliniiil‘loilil

5 1920 10 1935 Ι
37 1860 102 1881 ff-
127 1793 933 1944 :illiiiltliiilliiillililiiililiiiillu

76 1978 84 2006 r
126 1938 167 1986 ita
176 1947 273 2002 prono,
291 1938 437 1985 atrocium
451 1931 583 1994 ludorum,
601 1944 657 1982 non
667 1930 750 1982 modo
762 1947 789 1981 m
799 1937 933 1984 sermoni·

126 2005 187 2068 bus,
196 2002 246 2055 sed
257 2001 330 2068 apud
339 2001 438 2053 Patres
449 2005 478 2052 et
487 1999 623 2066 Populum
634 1999 801 2065 celebraret,
816 2002 932 2076 'colique

127 2088 177 2141 per
192 2069 303 2124 theatra
316 2075 345 2122 et
359 2068 422 2125 lora
436 2069 541 2139 effigies
561 2070 629 2134 eius,
646 2072 776 2140 interque
796 2072 934 2140 principia

125 2139 393 2210 legionomsmeret.

178 2210 227 2262 lli.
256 2210 384 2262 Ceterum
408 2208 492 2274 plena
511 2208 660 2261 Caesarum
684 2209 797 2273 domus,
823 2209 933 2261 iuvenis

128 2280 214 2343 lilius,
223 2284 340 2345 nepotes
350 2277 449 2341 adulti,
465 2291 570 2330 moram
581 2280 683 2344 cupitis
699 2278 876 2344 adiacebantz
894 2283 932 2342 et,

128 2347 934 2485 titiiiiiiii?'iiiiiiillilnlllittld2

128 2487 223 2540 Druse
233 2489 364 2555 incipere,
372 2487 400 2538 in
411 2501 493 2555 quem
503 2489 611 2538 recenti
619 2488 663 2540 iro
672 2485 823 2538 ferebatur.
851 2453 932 2538 ’Nem

129 2557 247 2621 Drusus,
261 2557 408 2624 impatiens
418 2555 521 2609 aemuli
531 2557 661 2611 etanimo
671 2558 851 2617 commotior,
869 2560 933 2606 orto

129 2625 204 2682 forte
213 2629 314 2697 iurgio,
329 2626 489 2680 intenderat
499 2625 600 2679 Seiano
611 2641 717 2688 manus,
727 2631 755 2678 et
766 2631 864 2694 contra
873 2628 934 2676 teu·
