2034 3025
142 118 227 196 'mn
243 144 264 194 1.
285 141 370 194 cna
384 138 505 193 n-so.
526 141 808 212 [inmanem]
844 141 874 193 nr

78 263 144 311 suo,
161 256 192 299 ct
206 248 419 298 desciscentibus
433 250 587 313 suspectior
603 254 672 298 erat.
707 247 794 314 Legio
811 249 877 298 clas-

78 315 391 379 nonamdecimam,
411 316 599 367 Praetutianis
610 316 777 382 adiungitur.
813 316 878 381 llly-

77 388 129 436 rici
141 387 279 436 oxcroitus
290 385 371 436 electi
382 384 492 436 Celsum
504 386 620 451 ingestis
631 385 693 450 pilis
704 377 876 450 proturbant.

78 455 246 506 Germanica
255 453 358 504 vexilla
367 454 415 503 diu
425 458 571 516 nutarcrc;
582 453 712 504 invalidis
721 452 811 502 adhuc
821 467 877 502 cor·

77 524 192 590 poribus
203 528 232 573 et
240 521 357 588 placatis
367 523 474 583 animis,
491 522 564 588 quod
576 535 632 583 eos,
651 537 668 572 a
678 521 789 572 Nerone
799 521 878 572 illex·

78 591 402 657 andriampracmissos,
420 597 503 658 atque
517 590 581 642 inde
595 605 692 642 rursus
706 591 790 656 longa
805 592 880 640 nasi·

77 662 192 728 gestione
201 673 307 726 aegros,
324 661 482 724 inpensiore
492 653 561 710 cura
571 659 661 710 Galba
669 658 818 710 refovebat.
888 678 891 684 ·

130 728 244 781 xxm
280 728 416 779 Vniversa
430 730 485 779 iam
500 728 579 794 plebs
595 729 727 795 palatium
746 729 773 778 in
796 729 880 788 lebat,

79 800 174 849 mixtis
183 797 311 860 scavinis,
331 803 360 848 et
370 797 481 848 dissono
492 796 629 860 clamore,
647 797 753 852 caedens
791 797 880 848 thoris
921 835 923 840 .
961 859 968 867 ι

78 876 107 918 et
116 865 320 918 coniuratorum
330 865 443 918 exitium
453 869 634 932 poscentium,
649 872 681 917 ut
690 869 714 916 si
723 869 752 916 in
764 869 837 918 dcco
849 881 881 916 ac
926 906 930 914 .

79 935 191 986 theatro
211 934 349 986 ludicrum
369 935 482 1002 aliquod
501 936 688 1001 postularent:
717 952 807 1002 nequo
826 936 882 986 illis

80 1005 214 1055 iudicium
227 1010 277 1055 out
287 1006 402 1055 rerims:
424 1007 523 1071 quippo
540 1005 637 1056 codem
648 1004 692 1055 dio
703 1003 811 1056 diversa
821 1005 881 1072 pari

81 1075 233 1124 certamine
243 1073 438 1139 postulaturis:
455 1074 504 1124 sed
514 1073 619 1124 tradito
630 1087 715 1134 more,
725 1088 884 1139 quemcum-

82 1156 136 1209 quc
146 1141 301 1208 Principem
317 1142 465 1204 adulandi,
482 1143 595 1193 licentia
609 1141 842 1193 adclamationum
855 1147 884 1192 et

79 1210 181 1260 studiis
195 1212 331 1262 inanibus.
366 1213 480 1264 interim
497 1211 613 1262 Galbam
635 1211 708 1260 duae
726 1212 883 1262 sentcntiae

82 1278 266 1343 distinebaut3
284 1281 319 1330 Τ.
329 1279 434 1342 Vinius,
451 1279 696 1332 manendumintra
706 1279 819 1341 doarium,
840 1293 884 1345 op-

78 1347 204 1414 ponenda
219 1347 345 1411 servitia,
385 1350 509 1400 rmandos
526 1349 632 1409 aditus,
654 1362 706 1398 non
721 1349 835 1398 eundum
850 1347 886 1398 ad
931 1389 935 1404 ,

82 1417 171 1466 iratos
185 1416 328 1473 censebat:
368 1426 429 1468 aret
444 1419 576 1466 siculorum
587 1415 788 1481 poenitentioe,
807 1416 885 1466 daret
980 1452 982 1458 a

82 1481 213 1537 bonorum
237 1483 376 1537 consensui
399 1483 526 1550 spatium.
563 1482 790 1549 scelera-inpetu,
817 1482 885 1535 bona

82 1552 196 1606 consilis
207 1567 282 1603 mora
291 1554 431 1604 valescere.
455 1551 579 1619 Denipue
589 1551 669 1604 eundi
679 1554 760 1614 ultro,
777 1552 802 1604 si
810 1552 885 1603 ratio

83 1622 135 1683 sit,
153 1620 261 1671 eandem
271 1621 518 1691 monsacultatem:
536 1636 688 1691 regressus,
706 1621 730 1670 si
735 1620 885 1687 poeniteat,

85 1688 214 1759 mationa
219 1696 366 1755 potestate.
877 1715 879 1721 ·

136 1758 263 1809 XXXlll.
298 1758 495 1816 Festinandum
510 1762 611 1811 ceteris
627 1759 787 1821 videbatur,
811 1766 886 1810 ante-

87 1842 168 1893 quam
182 1836 313 1879 cresceret
327 1827 446 1881 inualida
457 1828 545 1881 adduc
560 1828 712 1881 coniuratio
725 1844 886 1896 paucorum·

88 1894 303 1962 Trepidaturum
313 1896 397 1949 etiam
408 1895 555 1959 Othonem,
574 1897 620 1963 qui
625 1896 730 1969 jirrtim
741 1896 885 1965 digressus,

83 1964 122 2017 od
130 1964 242 2033 ignaros
250 1965 362 2029 inlatas,
371 1966 543 2019 cunctatione
553 1982 623 2019 nunc
634 1976 660 2017 et
670 1966 787 2035 segnitia
799 1976 885 2019 terea-

84 2032 155 2085 tium
175 2042 277 2104 tempus
295 2034 402 2088 imitari
417 2035 574 2103 Principem
589 2036 684 2088 discat.
720 2032 779 2088 Non
796 2052 887 2103 exspr-

84 2102 226 2167 mandam,
250 2113 294 2166 ut,
313 2105 469 2172 compositis
483 2106 708 2225 serumserum
722 2104 835 2157 intrudat
850 2110 886 2163 et,

80 2181 273 2242 prospectante
285 2173 386 2237 Galba,
404 2174 592 2240 capitoliuma
612 2184 670 2239 eat:
689 2172 887 2242 dumegregs'ns

83 2240 253 2306 Imperator,
271 2256 332 2293 cum
341 2242 466 2312 fortibus
479 2243 589 2305 amicis,
608 2242 692 2297 ianua
706 2258 738 2293 ae
748 2242 887 2294 lirninetc-

83 2324 135 2362 nos
146 2309 253 2359 domum
269 2310 371 2373 cludit,
390 2310 550 2365 obsidionem
563 2312 691 2363 nimirum
711 2313 887 2362 toleraturus.

84 2377 128 2431 Et
134 2379 309 2443 praeclarum
318 2378 348 2430 in
357 2380 439 2431 serris
450 2378 629 2442 auxiliumsi
639 2396 779 2433 consensus
791 2388 886 2431 tantae
940 2438 943 2443 .

85 2446 285 2508 multitudinis,
309 2455 348 2510 et,
366 2464 434 2513 puae
446 2448 596 2515 plurimum
610 2455 695 2511 valet,
710 2448 802 2514 prima
818 2447 887 2498 indi·

82 2513 185 2584 gnatia
195 2515 377 2582 elanguescat.
413 2516 534 2568 Proinde
546 2516 652 2580 intuta,
670 2533 737 2583 puae
747 2517 888 2569 indecora:

85 2584 137 2643 rel,
155 2583 180 2633 si
189 2584 283 2634 andere
292 2584 395 2636 necesse
404 2586 450 2648 sit,
468 2585 661 2637 occurrendum
671 2583 829 2636 discrimini.
857 2581 890 2635 ld

87 2648 367 2717 Otiosiinoidiosius,
381 2654 483 2721 stipsis
493 2654 642 2707 honestum.
673 2654 888 2721 ,Repugnantem

85 2911 97 2954 l
