2034 3025
152 97 206 155 ma
275 94 504 151 nnunmvnr
524 84 862 165 [r.v.77o.=n.c.25.]¹

150 193 343 253 desimrntom,
352 190 521 259 'puolAsioe
530 190 697 255 civitatibm,
714 208 800 259 nuper
810 192 879 244 idem
889 192 970 245 istud

147 261 316 337 petentibus,
332 278 386 313 non
395 260 445 313 sios
455 261 624 313 adversatus.
659 277 724 330 ergo
734 270 763 313 et
769 262 874 330 prioris
885 263 968 315 silen-

85 357 87 361 ·
136 334 189 389 ‘sii
199 330 394 416 defensionem,
412 330 519 398 etquid
525 330 555 383 in
564 330 697 405 futurum
706 332 865 395 statuerim,
877 331 968 385 simul

152 418 283 472 aponum.
323 396 391 452 Oum
400 397 438 451 D.
454 400 598 469 Augustur
613 400 664 453 sibi
680 409 762 469 utque
782 401 844 453 urbi
859 399 966 455 Romae

131 491 136 499 ·
153 475 282 542 templum
291 470 368 539 opud
374 469 544 539 'Pergamum
558 469 621 523 sisti
629 487 682 539 non
693 469 895 538 probibuisset;
917 470 967 537 qui

154 544 245 598 omniu
254 528 339 613 facto
354 538 480 609 dictoque
496 540 554 592 eim
566 539 623 595 nice
634 540 703 610 legis
713 539 861 604 observem,
878 540 967 609 placi·

153 603 215 673 um
224 611 280 664 iom
290 611 440 678 exemplum
445 609 600 679 promptius
611 619 718 663 secutus
728 625 795 674 rum,
805 610 870 678 puio
876 610 968 663 cultui

154 698 213 739 meo
222 678 361 734 oenermio
376 678 494 733 boumn
513 679 722 750 adiungebutur.
764 676 904 744 Ceterum,
934 688 969 733 ut

155 754 237 805 semel
247 748 377 817 recepiste
388 749 494 802 neniam
503 746 640 813 babuerit,
650 750 693 802 ito
700 765 751 819 per
761 765 850 802 ornnes
856 751 969 818 procin-

149 820 215 875 'cius
225 818 318 890 effigie
327 816 473 872 Numicum
483 818 600 882 sacrari,
618 819 797 882 ambitiosum,
804 820 968 887 superbum:

156 900 186 945 et
194 898 318 947 vanescet
328 887 450 961 Augusti
458 888 551 953 bonor,
562 888 587 941 si
591 888 969 957 promiscuisndulctionibus

71 1044 81 1058 ²
155 963 364 1082 mgbibti‘lilllll.
381 1026 504 1099 Egome,
522 1027 557 1080 Ρ.
569 1026 599 1079 0.
609 1031 752 1097 mortalem
762 1044 831 1092 esse,
848 1036 876 1080 et
886 1026 970 1081 bomi-

133 1108 134 1111 ’
157 1096 327 1167 nuonoffleiu
336 1097 438 1170 fungi,
465 1097 709 1164 solioquebabere,
733 1098 969 1167 tilocumprs'nci-

157 1169 452 1240 pemioplem,etcos
462 1175 556 1230 testor,
573 1175 600 1220 et
610 1168 759 1222 meminiese
765 1176 891 1236 posteros
900 1170 968 1220 nolo.

159 1238 287 1308 quiretis
297 1252 428 1305 superque
438 1236 583 1289 memoriae
593 1254 667 1290 meae
676 1238 807 1302 tribuent,
818 1247 850 1289 ut
859 1238 969 1291 maiori-

160 1310 210 1362 bus
218 1307 284 1361 mes's
293 1306 414 1376 dignum,
423 1317 675 1359 rerumoesrrcrum
682 1308 833 1376 providum,
845 1317 970 1361 constan·

159 1389 215 1433 tem
224 1377 254 1431 in
259 1375 400 1448 periculis,
413 1374 592 1444 offensibnum
599 1393 652 1458 pro
663 1378 788 1430 utilitate
794 1376 906 1444 publicu
917 1388 971 1439 non

85 1465 91 1473 ’
160 1448 304 1520 periclum,
322 1447 444 1500 credant.
462 1492 465 1499 .
479 1444 558 1501 Haec
574 1446 640 1499 mebi
654 1446 789 1500 inanimis
798 1446 895 1507 cestrie
906 1456 972 1501 tem·

160 1523 217 1589 plo,
235 1517 286 1572 bae
291 1515 491 1586 pulcberrimce
500 1515 608 1588 effigies
618 1527 646 1570 et
656 1534 808 1570 mansurae.
828 1533 972 1588 nomquoe

161 1607 231 1644 euno
241 1594 402 1651 struuntur,
421 1585 587 1640 siiuelicium
595 1597 765 1655 posterorum
774 1587 804 1640 in
814 1587 904 1640 odium
914 1604 974 1640 oer-

73 1695 80 1706 .
164 1661 210 1723 tit,
224 1676 276 1726 pro
286 1656 435 1726 sepulclris
444 1665 619 1724 spernuntur.
655 1657 777 1710 Proinde
786 1656 974 1722 socios,cineo,

163 1739 191 1782 et
201 1728 274 1781 Deos
283 1727 355 1794 ipsor
364 1742 475 1794 precor:
484 1724 541 1785 ,bos
551 1735 583 1778 ut
593 1725 660 1779 mibi
671 1726 796 1797 adfinem
805 1742 889 1793 usque
899 1726 974 1780 vitoe

163 1798 285 1867 quietam
294 1804 323 1850 et
331 1795 529 1869 intelligentem
543 1793 655 1852 bomani
664 1795 814 1864 Dirinique
823 1796 894 1848 iuris
904 1813 975 1850 men·

163 1876 219 1920 tem
228 1867 307 1919 duint
312 1881 324 1926 ,·
340 1863 410 1928 illm,
424 1873 465 1927 ut,
480 1865 636 1932 poculoque
646 1868 807 1929 concessero,
824 1883 884 1918 cum
895 1864 975 1919 lcuele

163 1946 193 1991 et
203 1936 279 1992 bonis
289 1933 537 1998 recordationibus,
550 1933 635 2018 sacto
648 1945 730 2002 atque
740 1936 850 2008 famam
859 1934 977 1990 nominis

163 2005 218 2063 snei
224 2014 434 2075 prosequentur.
445 2004 628 2073 Perstitrtque
639 2004 756 2073 posthac
766 2007 975 2058 secretisctiam

164 2076 341 2130 sermonibus
356 2074 519 2140 adspernari
535 2075 620 2126 talem
637 2077 680 2127 sui
691 2075 805 2127 cultum.
843 2075 917 2144 quod
929 2075 978 2127 alii

124 2200 126 2202 ,
166 2145 339 2206 modestiam,
356 2145 453 2206 multi,
472 2141 537 2212 quio
548 2141 700 2210 diffideret,
718 2145 839 2212 quidam,
859 2153 891 2197 ut
900 2145 979 2215 elege-

166 2214 240 2271 neris
250 2213 344 2275 enini,
359 2213 622 2279 interpretabantur.
660 2211 792 2282 Optumus
803 2214 900 2285 quippe
910 2230 980 2267 mor-

168 2284 266 2339 talium
286 2282 421 2337 altissimo
440 2298 547 2350 cupere.
585 2281 618 2334 m·
636 2281 783 2336 Herculem
802 2294 830 2339 et
849 2283 981 2340 Liberum

206 2356 243 2407 uel
255 2357 384 2417 Graecos,
400 2350 546 2417 Quirinum
557 2353 633 2422 opud
640 2369 696 2417 nos,
711 2351 801 2406 Deum
811 2371 921 2408 numero
931 2353 981 2405 cel·

169 2425 249 2478 eletos.
289 2422 391 2476 Melius
409 2421 581 2492 Augustum,
608 2421 655 2488 qui
673 2425 834 2490 speraverit.
880 2422 981 2476 Cetera

169 2492 346 2563 Principibus
356 2491 451 2544 statim
461 2492 568 2544 adesse:
583 2507 665 2544 unum
675 2491 872 2546 insatiabiliter
877 2509 983 2560 parcn-

155 2566 244 2629 ¹elom,
265 2577 425 2633 prorperom
438 2561 484 2613 sui
493 2560 657 2614 memoriam.
689 2578 755 2615 ‘num
766 2571 921 2632 contemptu
931 2562 981 2636 fc·

168 2653 238 2702 mee,
256 2630 523 2690 contemninirtrstes.
