2034 3025
149 119 204 180 ms
235 81 540 172 ussnonrsnvm
557 114 713 186 [svau.
732 111 877 184 aava

149 220 203 286 bis,
221 235 301 287 super
316 234 394 270 arma
409 226 436 269 et
449 218 521 270 uiros
536 227 563 269 et
577 217 690 286 egregia
706 226 861 270 castrorum
870 217 956 270 muni·

148 297 253 354 menta,
266 287 439 361 frumentum
451 295 657 350 ercammarus,
666 286 788 355 qmasois
798 290 880 356 longo
891 287 954 339 bello

146 374 239 430 pares.
274 356 397 410 Pecunia
412 371 498 424 nuper
513 355 596 408 etiarn
606 355 733 408 mnatioo
742 354 871 424 suffecit:
888 356 955 424 psol

132 427 232 481 'sioea
247 423 419 494 Vespasiano,
438 425 492 477 sire
502 442 520 476 a
536 423 657 487 Vitellio,
675 425 769 493 elatum
778 424 955 492 interpretari

150 495 286 561 mavultis,
298 495 331 548 ab
341 495 510 563 Imperatore
520 502 592 546 certe
601 492 724 547 Romano
733 493 888 563 accepistis.
906 493 958 546 Tot

151 567 281 620 bellorum
289 565 415 627 uictores,
426 563 501 632 apud
512 563 669 625 Geldubam,
679 564 754 631 apud
768 561 879 626 Vetera,
892 563 956 633 suso

150 635 250 690 totiens
260 633 344 698 boote,
363 633 388 685 ss'
402 631 511 700 pavetis
521 631 607 683 aciem
612 669 621 696 ,
640 631 782 702 indignum
795 631 957 700 inquinem

150 705 198 758 sed
206 711 247 756 est
255 705 356 756 uallum
366 699 488 768 marique
499 709 526 753 et
537 699 664 753 trahendi
674 710 761 765 artes,
782 701 866 753 donee
878 718 892 752 e
897 717 957 769 pro-
1012 738 1013 741 ,

150 772 232 828 nimis
239 770 388 841 provinciis
398 770 505 822 auxilia
516 770 703 835 exercitusque
713 779 890 823 concurrant.
913 769 958 821 Sa·

148 857 182 896 sss
193 857 242 923 ego
252 839 415 908 displiceam.
434 847 498 891 sunt
509 834 559 890 olii
568 838 680 907 Legati,
693 839 817 901 Tribuni,
828 837 958 892 Centurio
1012 864 1013 879 π

148 909 271 976 densque,
289 917 342 961 aut
351 907 434 960 miles.
470 906 574 961 Neboc
607 908 958 975 roaigiumtoioterrarum
1012 950 1013 953 η

149 978 213 1031 arbe
224 978 361 1048 vulgetur,
378 976 452 1029 robis
463 976 578 1028 satelliti
596 992 635 1040 us,
646 975 760 1028 Ciuilem
771 985 798 1028 et
810 975 958 1030 Classicam

149 1047 263 1102 ltaliam
276 1047 425 1100 inuasuros.
461 1044 515 1108 An,
535 1045 559 1097 si
574 1037 614 1097 aa
624 1047 728 1100 moenia
740 1045 815 1096 urbis
831 1045 959 1098 Germani

152 1117 279 1186 Gallique
294 1116 436 1179 duruerint,
455 1130 534 1167 armo
549 1114 660 1182 patri-ae
674 1114 821 1196 inferetis?
855 1114 957 1170 Horret

118 1225 127 1236 ,
149 1186 255 1240 animus
267 1185 340 1238 tanti
342 1183 455 1254 flagitii
465 1183 595 1250 imagine.
611 1182 735 1236 Tutorsn'
750 1183 869 1236 Treuero
881 1202 960 1254 agen·

150 1264 199 1320 tur
210 1254 354 1309 excubiae?
381 1253 497 1322 Signum
512 1250 574 1303 belli
583 1250 707 1305 Batavus
722 1252 817 1303 dabit?
849 1253 963 1306 (terna-

150 1341 246 1380 norum
266 1332 391 1375 catervas
405 1319 582 1390 supplebitisl
600 1321 660 1387 quis
675 1323 767 1374 deinde
783 1323 898 1376 sceleris
908 1323 962 1375 exi.-
1013 1382 1014 1387 ¹

151 1395 213 1448 tus?
230 1409 291 1446 oum
299 1391 439 1446 Romanae
449 1389 567 1460 legiones
577 1400 673 1444 contra
683 1391 852 1443 direxerint:
873 1402 964 1454 trans·

147 1464 238 1539 fisgae
249 1481 262 1517 e
274 1461 438 1535 transfugis,
451 1468 479 1510 et
490 1460 645 1527 proditores
656 1478 669 1512 e
697 1459 875 1525 molitoribus,
888 1463 966 1515 inter

151 1550 242 1586 recens
252 1542 278 1585 et
288 1543 364 1585 aetus
375 1538 573 1584 sacramentum
583 1530 666 1583 invisi
701 1530 740 1582 eis
749 1530 904 1584 errabitis?
918 1532 967 1593 Te,

151 1602 260 1671 Iupiter
271 1602 368 1669 optime
378 1599 507 1661 inanime,
529 1615 603 1667 quem
615 1616 667 1667 per
679 1600 848 1669 octingentos
858 1601 969 1671 viginti

150 1688 236 1725 annos
246 1680 287 1723 tot
297 1670 441 1739 triumphis
451 1666 595 1733 coluienus,
615 1678 651 1732 te,
675 1667 800 1731 Quirine,
820 1668 970 1724 Romanae

148 1756 249 1809 parens
260 1740 344 1807 urbis,
361 1756 458 1807 precor
468 1753 645 1805 venerorque,
661 1747 701 1799 ut,
716 1738 741 1789 si
750 1738 824 1789 robis
834 1755 892 1792 aon
901 1741 970 1812 fait

151 1810 242 1873 cordi,
262 1826 302 1861 rae
312 1808 389 1862 Duce
399 1808 465 1861 baec
476 1817 569 1860 castro
584 1806 747 1874 ineonrupta
757 1816 785 1859 et
794 1806 972 1861 intemerata

146 1876 265 1941 'seruari
275 1886 306 1930 at
317 1888 389 1930 certe
397 1877 482 1946 pollui
483 1876 650 1997 posterique
658 1894 675 1928 a
690 1876 791 1929 Tutore
802 1886 831 1929 et
842 1875 974 1930 Classico

151 1948 300 2000 sarsinatis.
336 1946 473 1999 Militibus
512 1947 614 1998 omanis
623 1956 672 1998 aut
686 1946 875 1999 innocentiam
887 1949 973 2010 oletis,

150 2025 202 2072 aut
211 2024 346 2067 maturam
358 2024 386 2066 et
395 2016 451 2067 sine
461 2032 533 2069 noxa
546 2016 748 2082 poenitentiam.

211 2085 284 2136 mx.
304 2083 388 2135 Varie
400 2088 639 2150 exceptaoratio,
657 2087 733 2136 inter
747 2099 824 2154 spem
840 2091 973 2137 metum·

149 2168 205 2221 que
217 2167 249 2205 ac
259 2152 402 2220 pudorem.
438 2153 604 2221 Digressum
616 2154 759 2216 Voculam,
776 2152 851 2205 etde
864 2170 973 2223 supre-

151 2225 205 2275 mis
216 2220 382 2291 agitantem,
401 2221 498 2272 liberti
509 2224 640 2289 servique
651 2221 832 2291 prohibuere,
853 2221 973 2275 foedis-

151 2293 249 2344 simam
270 2296 390 2343 mortem
410 2296 512 2356 sponte
527 2293 705 2357 praevenire.
749 2292 786 2343 Et
806 2291 975 2356 Classicus,

90 2350 96 2364 '
151 2361 238 2411 misso
249 2360 368 2411 Aemilio
379 2358 526 2425 Longino,
547 2359 694 2411 desertore
703 2360 812 2427 primae
822 2360 976 2428 legionis,

152 2428 267 2478 caedem
285 2428 346 2476 sius
362 2428 523 2478 maturavit.
558 2428 734 2479 Herennium
746 2434 776 2479 et
786 2428 977 2496 Numisium,

151 2493 285 2559 Legatos,
300 2490 399 2543 vinciri
410 2495 481 2545 satis
492 2495 590 2545 visum.
627 2495 712 2559 Dein,
723 2499 845 2564 sumptio
856 2499 977 2552 Roma·

152 2561 181 2609 ni
202 2561 315 2627 Imporii
335 2562 509 2627 insignibus,
530 2563 559 2614 in
580 2569 675 2613 castra
693 2566 782 2616 venit.
824 2565 892 2619 Nec
912 2570 979 2633 illi,

107 2640 110 2643 ·
151 2638 315 2695 quamquam
326 2626 362 2679 od
372 2642 454 2680 omne
464 2627 574 2680 focinus
584 2629 696 2697 durato,
709 2634 797 2685 verba
804 2633 889 2698 ultro
900 2652 979 2709 sup·
