2034 3025
45 131 49 135 .
132 79 183 133 152
220 77 524 151 ursronrsnuu
545 78 703 147 [ausu.
724 78 755 129 A.
768 43 870 147 e.70,1

130 201 200 254 que,
221 200 292 252 quae
303 200 334 235 se
344 184 468 235 Narniae
479 183 662 245 dediderant,
685 183 761 249 pullo
773 186 885 235 amictu
897 200 951 251 pa·

131 256 203 307 latio
214 253 393 321 degreditur,
415 258 526 305 maesta
535 254 637 303 circum
648 251 763 321 familia.
780 310 782 315 y
801 250 896 305 Simul
906 256 952 308 fe.

131 325 249 377 rebatur
259 323 529 388 lecticulaparvulus
540 320 630 385 iilius,
659 321 774 373 velutin
788 320 952 376 funebrem

113 396 269 461 pompam.
305 391 395 445 Voces
414 391 510 458 pupuli
525 391 644 443 blandae
661 397 691 443 et
706 394 950 459 intempestivae:

132 465 213 515 miles
224 462 326 528 minaci
335 462 461 513 silentio.

186 531 313 584 vatu.
331 530 389 581 Nec
399 531 547 598 qnisquam
562 528 634 581 adeo
649 541 742 581 rerum
754 530 951 585 humanarum

134 606 283 664 inmemor,
298 615 382 669 quem
393 615 450 652 uon
460 604 651 651 commoveret
662 600 711 649 illa
720 598 822 652 facies:
840 602 950 655 Roma·

135 687 201 723 num
213 670 387 737 Principem,
417 675 447 721 et
456 669 570 736 generis
583 666 698 719 humani
709 670 804 735 paullo
814 677 886 723 ante
897 672 948 724 do·

134 742 255 802 minum,
285 741 386 792 relicta
399 736 531 790 fortunae
547 752 614 790 suae
625 738 714 799 sede,
737 754 788 805 per
797 741 947 805 populum,

104 827 109 842 ,
134 824 187 877 per
196 809 310 871 urbem,
338 810 417 861 exire
432 807 467 860 de
477 807 607 873 imperio.
644 805 720 858 Nibil
730 808 786 859 tale
797 810 946 873 viderant,

58 920 63 927 .
130 876 205 930 nihil
221 878 379 930 audierant.
415 878 566 943 repentina
584 876 626 926 vis
641 873 817 929 Dictatorem
841 880 946 931 Caesa-

134 961 196 999 rem
210 952 405 1014 oppresseratz
424 945 552 997 occultae
567 944 663 995 Caium
678 946 815 997 insidiae:
844 962 906 999 nox
916 954 948 1000 et

129 1017 260 1083 ignotum
276 1032 325 1067 rus
338 1016 432 1085 fugam
444 1014 566 1067 Neronis
582 1010 800 1067 absconderant:
829 1015 904 1069 Piso
915 1023 947 1069 et

130 1085 225 1138 Galba
242 1092 386 1153 tamquam
400 1088 430 1135 in
445 1085 505 1135 acie
522 1082 662 1136 cecidere:
690 1085 721 1133 in
734 1100 787 1135 sna
802 1088 946 1138 concione

132 1156 283 1219 Vitellius,
301 1156 378 1205 inter
387 1168 454 1205 suos
464 1152 579 1213 milites,
594 1154 842 1220 prospectantibus
855 1154 945 1206 etiam

132 1224 263 1287 feminis,
287 1238 376 1291 pauca
386 1227 416 1277 et
425 1223 570 1295 ppaesenti
582 1224 741 1274 maestitiae
753 1227 947 1290 congruentia

11 1344 36 1351 ,,
130 1296 257 1348 locutus:
287 1292 379 1345 cedere
390 1308 417 1343 rs
423 1289 502 1359 pacis
511 1298 540 1341 et
549 1288 726 1357 Reipublicae
734 1306 849 1344 caotsa:
878 1292 944 1345 reti-
1009 1294 1010 1339 i

129 1370 350 1419 monstratam
363 1359 519 1414 memoriam
534 1358 591 1422 sni,
612 1358 788 1430 fratremque
802 1370 831 1413 et
850 1362 945 1415 conia·
1009 1424 1010 1435 χ

128 1450 193 1502 gem
202 1439 231 1485 et
238 1430 379 1486 laromam
387 1429 532 1483 liberorum
542 1436 660 1481 oetatem
671 1428 886 1488 ntiserarentur:
908 1434 946 1483 si·

130 1503 190 1556 mul
199 1503 286 1556 lilium
297 1500 479 1571 protendens,
495 1499 578 1552 mode
590 1498 719 1566 singulis,
734 1500 818 1553 modo
829 1504 945 1555 univer·

130 1574 172 1624 sis
183 1572 399 1634 commendans,
423 1575 570 1638 postremo
580 1567 649 1620 lietu
659 1571 877 1636 praepediente,
892 1571 945 1623 ad·

103 1676 108 1682 .
131 1643 248 1695 sistenti
259 1641 373 1694 consuli
389 1640 537 1703 (caecilius
549 1637 673 1705 Simplex
690 1643 762 1703 erat)
778 1641 944 1693 exsolutum

131 1723 151 1762 a
160 1711 251 1762 latere
260 1711 424 1777 pugionem,
452 1709 531 1760 reiut
545 1709 587 1758 ius
598 1709 676 1759 necis
687 1710 818 1778 vitaeque
828 1710 944 1774 civium,

131 1779 280 1835 reddebat.
325 1779 521 1844 Adspernante
542 1776 677 1840 Consule,
711 1780 944 1843 reclamantibus,

133 1850 180 1917 qui
191 1851 220 1899 in
231 1849 372 1901 concione
378 1847 565 1910 adstiterant‚
592 1851 624 1897 ut
639 1848 667 1896 in
682 1847 753 1900 aede
764 1849 945 1902 concordiae

131 1919 276 1985 positurus
286 1919 412 1985 insignia
421 1918 549 1984 Imperii,
576 1915 743 1986 domumque
760 1917 859 1972 fratris
869 1922 946 1986 peti·

131 1993 228 2053 tumis,
257 1986 398 2038 discessit.
435 1987 531 2038 Maior
549 1985 594 2036 bie
612 1987 718 2039 elamor
738 1989 944 2044 obsistentium

132 2055 287 2108 Penatibus
297 2058 428 2123 privatis,
454 2053 485 2106 in
496 2053 634 2121 palatium
644 2053 813 2108 uocantium.
843 2059 944 2112 ¹Inter·

132 2124 238 2176 clusum
248 2124 324 2178 alind
334 2129 400 2188 iter,
410 2125 495 2191 idque
505 2122 607 2186 solnm,
617 2127 693 2193 qnod
702 2129 732 2178 iu
740 2127 853 2180 Sacram
863 2131 944 2181 riam

130 2200 273 2262 pergeret,
292 2196 416 2262 patebat.
451 2197 512 2243 tum
523 2195 634 2246 consilii
645 2197 742 2266 inops,
760 2200 789 2248 in
799 2196 944 2264 palatium
1009 2237 1010 2252 i

130 2262 224 2316 rediit.
251 2264 441 2318 Praevenerat
451 2277 556 2326 rumor,
576 2263 682 2317 murari
692 2267 726 2318 ab
736 2285 766 2319 eo
775 2266 944 2334 Imperium.-
1009 2269 1010 2272 ’

131 2334 340 2399 scripseratque
354 2331 603 2386 Flavius-Sabinus
618 2334 778 2390 cohortium
794 2337 944 2402 Tribunis,

130 2401 284 2451 umilitem
295 2398 456 2452 mittem.
873 2422 878 2426 ·

182 2468 281 2535 thx
300 2469 400 2533 igitur,
410 2473 554 2536 tamqnam
566 2472 838 2540 omnisllespubliea
847 2476 879 2526 in
885 2476 945 2530 Ve-

130 2536 255 2598 spasiani
270 2535 361 2584 sinum
376 2537 524 2601 cessisset,
553 2539 691 2604 primores
702 2541 825 2594 Senatus
843 2549 874 2595 et
884 2545 946 2612 ple-

129 2606 208 2668 rique
218 2602 364 2669 Equestris
381 2603 491 2656 ordinis
509 2608 656 2675 omnisque
671 2609 754 2674 miles
770 2613 899 2668 urbanus
912 2621 946 2668 et
