2034 3025
151 146 202 199 srs
370 114 431 197 'riu
453 139 729 198 onar‘oaravs

150 258 318 320 sequuntur,
336 264 391 300 non
403 250 522 315 populus
532 250 623 313 audit,
642 254 688 299 rix
700 249 821 315 denique
833 249 960 317 litigator

151 322 312 390 perpetitur.
348 319 417 370 adeo
429 319 527 369 moesti
539 322 567 369 et
577 317 759 369 incultiillam
769 320 961 385 ipsam,quam

152 393 271 452 iactant,
284 387 430 439 sanitatem
447 402 501 438 non
518 388 660 450 firmitate,
678 387 727 437 sed
742 388 851 437 ieiunio
868 404 962 441 conse-

152 465 283 529 quuntur.
320 458 407 509 Porro
422 472 457 508 ne
472 458 501 506 in
517 468 634 523 corpore
643 456 753 523 quidem
769 455 961 510 valetudinem
999 447 1000 504 l

152 529 251 580 medici
271 526 399 593 probant,
418 540 488 592 quae
507 540 525 575 a
544 526 630 579 nimia
649 527 791 577 anxietate
808 528 964 594 contingat.
1000 521 1001 573 l

151 613 248 665 parurn
271 601 322 655 est,
339 606 459 664 aegrum·
474 609 529 645 uon
546 609 620 645 esse:
641 594 743 645 fortem
760 599 789 645 et
806 594 917 647 laetum
938 602 965 648 et
1001 595 1002 631 l

152 668 274 719 alacrem
285 665 357 716 volo.
393 678 479 732 prope
490 665 568 714 abest
578 664 612 713 ab
623 664 794 723 infirmitate,
813 665 842 714 iu
855 680 915 732 quo
926 680 965 716 so·
1002 671 1003 683 ¹

152 737 179 787 la
189 738 293 787 sanitas
302 734 442 785 laudatur.
476 731 532 783 Vos
547 746 622 796 vcro,
641 734 826 795 disertissimi,
846 741 882 785 ut
892 742 964 801 pote·

152 808 211 867 stis,
229 810 261 854 ut
270 803 370 864 facitis,
389 801 538 853 inlustrate
554 802 695 853 saeculum
711 813 840 853 nostrum
857 804 963 869 pulcer·

151 877 223 926 rimo
233 886 335 939 genere
346 869 464 921 dicendi.
501 870 571 923 Nam
583 877 612 923 et
622 877 659 932 te,
671 870 804 934 Messala,
814 872 902 925 video
912 872 964 925 lse·

152 945 257 994 tissima
267 954 392 1007 quaeque
409 940 588 1007 antiquorum
605 942 774 991 imitantem:
794 947 898 1004 etros,
909 943 964 995 lda-

153 1020 231 1065 terne
242 1025 275 1060 ae
285 1008 426 1071 Secunde,
443 1010 485 1059 lta
499 1011 638 1077 gravitate
653 1025 782 1060 sensuum
802 1012 929 1064 nitorem
941 1018 965 1063 et

152 1080 259 1133 cultum
269 1080 416 1131 verborum
428 1080 559 1142 miscetis,
579 1094 612 1131 ea
627 1078 727 1131 electio
743 1079 928 1145 inventionis,
944 1082 965 1131 is

153 1151 224 1204 ordo
243 1165 334 1201 rerum
355 1154 392 1210 ct,
413 1150 524 1215 quoties
545 1163 643 1200 caussa
661 1150 761 1215 poscit,
775 1150 907 1213 ubertas,
927 1166 968 1213 es,

93 1238 104 1250 ’
152 1221 282 1289 quotiens
296 1219 481 1285 permittitur,
497 1218 634 1279 brevitas,
652 1220 676 1269 is
692 1220 909 1285 compositionis
925 1221 968 1272 de·

89 1285 96 1292 ’
152 1304 209 1351 eor,
219 1302 253 1340 ea
262 1287 462 1339 sententiarum
474 1286 649 1353 plenitas,sie
659 1288 814 1353 exprimitis
827 1288 969 1351 adfectas,

152 1362 193 1411 sic
202 1358 360 1409 libertatem
372 1353 544 1423 temperatis,
561 1364 594 1408 ut
603 1358 698 1419 etiam,
715 1356 738 1407 si
750 1350 849 1410 nostra
861 1360 970 1411 iudicia

153 1427 315 1498 malignitas
331 1433 360 1478 et
374 1426 478 1477 invidia
491 1426 659 1491 tardaverit,
677 1434 773 1481 rerum
789 1427 825 1480 de
835 1430 921 1481 iobis
932 1430 971 1481 di·

153 1499 226 1552 eturi
236 1499 293 1548 siut
303 1498 409 1564 posteri
420 1496 516 1548 nostrl.

205 1568 306 1621 XXlV.
341 1567 419 1630 Quae
438 1563 595 1633 cum-Aper
613 1566 742 1630 dixisset,
760 1569 973 1634 agnoscitisne,

152 1641 244 1707 inquit
252 1638 411 1699 Maternus,
429 1638 484 1687 rim
501 1639 531 1687 et
541 1636 670 1688 ardorem
680 1637 748 1703 Apri
764 1638 874 1688 nostris
912 1655 972 1708 quo

152 1714 296 1770 torrente,
324 1721 380 1775 quo
398 1708 492 1773 inpetu
513 1705 655 1756 saeculum
677 1712 803 1756 nostrum
823 1707 971 1760 defendit.

152 1792 235 1846 quarn
247 1779 360 1844 copiose
372 1792 405 1827 ac
415 1777 492 1826 varie
502 1776 615 1827 vexavit
626 1774 770 1841 antiquos!
788 1781 897 1842 quanto
908 1795 971 1830 noa

151 1847 240 1899 solum
255 1848 367 1914 iugenio
384 1845 537 1912 suspiritu,
555 1844 699 1896 sedetiam
711 1844 872 1897 eruditione
883 1853 914 1898 et
925 1864 973 1900 ar·

96 1953 115 1979 ,
141 1924 193 1979 te,
211 1917 245 1967 ab
256 1917 322 1981 ipsis
333 1921 475 1967 mutuatus
486 1919 542 1976 est,
561 1928 613 1980 per
622 1928 693 1981 quae
703 1929 768 1965 mox
779 1915 856 1980 ipsos
876 1917 973 1968 iuoes-

152 1984 240 2039 seret!
263 1986 354 2036 'suum
376 1988 470 2036 tamen
484 1983 609 2034 Messala
628 1985 792 2050 promissum
807 1986 971 2038 innsutssse

57 2103 67 2116 ,
152 2070 208 2108 non
223 2052 317 2104 debes.
353 2069 443 2120 neque
457 2054 531 2105 enim
544 2049 705 2104 defensores
714 2055 896 2120 antiquorum
909 2059 969 2108 exi-

153 2126 255 2194 gimus,
273 2136 325 2173 nee
345 2137 520 2190 quemquam
534 2127 674 2184 nostrum,
693 2137 862 2192 quamquam
880 2125 971 2177 modo

151 2193 259 2247 laudati
274 2205 382 2254 sumus,
401 2191 453 2255 his,
471 2206 542 2259 quos
558 2194 710 2244 insectatus
726 2198 770 2243 est
780 2193 870 2258 Aper,
891 2211 971 2248 com.

131 2316 135 2325 ,
154 2277 313 2332 paramus..
331 2276 365 2312 sc
383 2275 418 2312 ne
438 2263 499 2325 ipse
514 2260 626 2328 quidem
647 2261 688 2314 ita
707 2263 803 2324 sentit,
822 2263 874 2314 sed
885 2279 972 2316 more

124 2326 130 2339 ²
153 2333 255 2392 reteri,
274 2331 493 2382 etaliasrestris
512 2328 682 2396 philosophis
701 2346 786 2396 saepe
806 2331 971 2394 celebrato,

151 2401 269 2467 sumpsit
282 2400 335 2449 sibi
350 2397 557 2451 contradicendi
571 2408 674 2464 partes.
709 2401 848 2465 Exprome
871 2404 971 2466 nobis,

150 2482 206 2518 non
221 2467 409 2519 laudationem
423 2469 614 2533 antiquorum:
632 2470 701 2519 satis
717 2471 790 2520 enim
810 2469 877 2522 illos
888 2471 974 2524 faura

150 2549 201 2584 sua
212 2535 323 2597 laudat3
341 2536 390 2586 sed
402 2549 531 2597 caussas,
548 2551 600 2586 eur
614 2538 642 2586 in
657 2543 767 2589 tautum
783 2539 818 2590 ab
830 2540 974 2609 eloquen.

151 2602 297 2652 tiaeorum
312 2606 524 2665 recesserimus;
544 2619 606 2654 cum
623 2608 788 2671 praesertim
806 2617 924 2662 eentum
942 2621 975 2664 et

152 2667 203 2717 XX
211 2683 298 2720 annos
309 2671 344 2721 ab
354 2671 468 2723 interitu
474 2673 616 2724 ciceronis
625 2675 654 2725 iu
665 2673 739 2732 true
750 2676 823 2729 diem
836 2681 912 2732 ellici
926 2697 975 2734 η.

150 2733 189 2780 tio
199 2739 355 2802 temporum
367 2733 528 2806 conlegerit.
607 2743 613 2758 ⁸
