2034 3025
96 95 231 201 manv.
247 141 464 199 caneo-or.
484 141 785 213 [arenauno
810 99 863 198 noe

67 253 233 322 peditavere,
253 265 335 319 quam
346 257 379 303 ut
388 256 595 302 sacramentum
605 251 750 302 recitaret.
785 242 879 302 lura·v

65 337 131 384 rere,
152 323 199 389 qui
209 322 337 382 aderent,
354 335 405 388 pro
414 319 531 386 Imperio
544 319 706 371 Gaiiabram.
741 318 861 371 Interie-

65 396 162 444 ctorem
173 389 297 444 Voculae
309 390 376 441 aitis
387 389 547 450 ordinibus,
555 393 682 449 cetoros,
697 388 860 455 utquisque

64 459 193 526 flagitium
205 463 369 522 nataverat,
378 459 514 526 praemiis
524 457 648 510 adtollit.
666 457 782 508 Divisae
794 455 871 508 inde,

63 531 130 580 inter
149 530 285 580 Tutorem
306 534 336 579 et
356 528 508 580 Classicum
528 530 621 581 curae.
657 528 749 577 'i'utor
767 524 860 589 vplida

62 613 139 648 manu
154 597 340 648 circumdatos
351 597 587 664 Agrippinenses,
606 600 798 663 quantumque
810 595 860 643 mi·

60 666 139 718 litum
146 663 219 731 apud
230 667 402 732 superiorem
415 665 503 716 Rheni
514 669 614 732 ripam,
624 667 654 714 in
664 663 763 716 eadem
773 662 861 714 rerba
885 672 889 683 ’

61 733 156 802 adigit,
168 735 267 785 occisis
276 731 448 802 Mogontiaci
456 735 600 797 Tribunis,
610 734 692 801 pulso
702 737 859 784 castrorum

61 801 215 875 Praefecto,
226 804 272 870 qui
284 803 520 855 detrectaverant.
556 804 696 854 Classicus
706 801 861 866 corruptis·
903 841 908 852 .

60 874 155 930 simum
171 883 308 940 quemque
319 888 335 924 e
346 874 450 924 deditis
462 888 579 940 pergere
592 872 630 922 od
643 870 758 924 obsessos
769 870 864 925 iubet,

58 939 342 1003 veniamnstentanter,
361 943 385 993 si
397 941 555 1008 praesentio
568 948 759 1008 requerendum
776 937 861 990 aliter

58 1009 126 1062 nibil
134 1010 198 1077 spei.
212 1010 317 1082 samem
322 1011 483 1082 ferrumque
493 1020 522 1060 et
531 1017 653 1060 extrema
660 1022 798 1076 passuros.
807 1007 860 1060 Ad·

58 1081 158 1142 iecere,
169 1082 216 1148 qui
227 1081 306 1130 missi
318 1085 408 1141 erant,
425 1079 584 1145 exemplum
593 1092 684 1128 auum.

116 1147 174 1199 Lx.
194 1148 332 1198 Obsessos
344 1147 408 1198 binc
417 1147 496 1208 fides,
517 1146 582 1197 inde
594 1151 716 1213 egestus,
727 1146 803 1198 inter
812 1145 860 1197 de·

57 1231 104 1269 cus
115 1231 147 1267 ac
161 1216 302 1285 flagitium
313 1215 519 1268 distrahebant.
555 1214 758 1266 Cunctantibus
773 1215 862 1267 solita
906 1257 909 1260 .

56 1287 227 1354 insolitaque
247 1286 383 1337 alimento
401 1286 535 1346 deerunt3
552 1285 708 1352 absumptis
725 1285 861 1339 iumentis

56 1356 192 1422 equisque
204 1358 233 1406 et
243 1356 346 1405 ceteris
358 1355 536 1417 animalibus,
555 1369 627 1422 quae
637 1352 757 1419 profana
765 1352 862 1412 foeda·

56 1425 154 1491 quein
172 1437 252 1473 usum
270 1425 426 1475 necessitas
436 1425 533 1476 vertit.
569 1421 698 1490 virgulta
716 1427 862 1487 postremo

56 1497 86 1543 et
97 1492 201 1558 stirpes
213 1497 242 1541 et
253 1491 411 1545 internatas
421 1495 497 1545 saxis
508 1490 611 1544 herbas
620 1491 769 1554 vollentes,
780 1491 862 1545 mise·

54 1563 162 1613 riarum
187 1562 401 1629 patientiaeque
425 1562 623 1626 documentum
647 1558 742 1612 fuere:
771 1559 863 1612 donea

53 1630 200 1697 ogregiam
216 1629 327 1694 laudem
342 1631 400 1683 iine
413 1633 488 1698 turpi
507 1630 694 1690 insanierant,
710 1628 805 1679 missis
825 1629 860 1680 ad

53 1699 173 1750 Civilem
187 1699 301 1766 legatis,
322 1700 407 1751 mrum
418 1705 544 1751 orantes·
560 1698 675 1766 ¹riteque
686 1702 752 1749 onte
762 1712 861 1766 preces

52 1767 208 1832 admissae,
219 1784 300 1835 quam
313 1771 341 1820 in
353 1771 439 1821 rerba
449 1770 604 1821 Galliarum
614 1770 751 1819 iurarent.
778 1768 862 1830 Tum,

51 1844 155 1905 paetus
162 1836 294 1905 praedem
305 1846 468 1903 castrorum,
483 1838 533 1889 dat
542 1837 683 1898 custodes,
693 1837 862 1904 qui-pecuni-

50 1922 111 1969 am,
123 1908 246 1969 calones,
256 1909 382 1960 sarcinas
393 1912 581 1970 retentarent,
596 1908 686 1974 acqui
697 1908 775 1973 ipsos
785 1906 862 1957 leves
953 1910 964 1931 s

49 1978 194 2029 abeuntes
205 1985 453 2045 prosequerentur.
476 1977 519 2029 Ad
529 1978 658 2045 quintum
668 1974 730 2027 iere
740 1974 861 2045 lapidem
991 1974 996 1981 '

48 2046 148 2098 coorti
160 2045 295 2097 Germani
306 2048 449 2102 incautum
461 2060 562 2113 agmen
572 2046 786 2113 adgrediuntur.
810 2044 862 2097 Pu·

47 2114 242 2183 gnaciseimus
254 2117 372 2183 quisque
382 2119 410 2167 in
420 2117 557 2184 vestigio,
571 2115 652 2167 multi
663 2114 803 2183 palantes,
818 2129 867 2169 ou.

47 2182 190 2236 cubuere:
201 2186 289 2235 ceteri
300 2192 378 2239 retro
389 2187 418 2236 in
429 2191 523 2237 castra
533 2182 712 2252 profugiunt3
722 2188 867 2251 querente·

16 2260 22 2267 '
45 2265 125 2305 sane
136 2252 224 2303 Civile
237 2257 266 2303 et
275 2254 440 2323 increpante
451 2254 620 2317 Germanos,
633 2251 861 2321 tamquamfidern

40 2336 101 2391 per
111 2321 199 2372 scelus
209 2320 405 2390 abrumperent.
441 2320 751 2384 Simulataeaiuerint,
771 2335 860 2373 aures
891 2355 896 2359 -

43 2392 149 2441 tinere
159 2392 320 2443 saevientes
331 2392 498 2459 nequiverit,
508 2405 607 2458 parum
617 2388 792 2442 adfirmatur.
810 2390 861 2441 Di·

41 2461 146 2527 reptis
157 2461 269 2524 contris,
280 2459 356 2513 iaces
367 2463 510 2514 iniiciunt=
529 2465 710 2526 cuncipsque,
721 2461 768 2528 qni
778 2462 859 2528 pros·

38 2530 87 2584 lio
99 2531 313 2597 superfuerant,
327 2531 485 2583 incendium
496 2528 599 2581 hausit.

112 2599 187 2651 Lxl.
206 2599 312 2662 Civilis,
321 2600 442 2653 barbaro
449 2606 526 2661 voto,
537 2602 713 2665 postcoepto
723 2596 859 2649 adversus

37 2669 195 2725 &mann
206 2682 293 2735 armo,
307 2682 462 2742 propexum
472 2668 675 2736 rutilatumque
683 2670 802 2732 crinem,
811 2682 858 2738 pa·
884 2688 887 2696 ¹
956 2724 962 2730 ,
