2034 3025
152 93 187 144 rs
240 86 543 145 ursroemuvn
578 43 867 158 [noeumane]
927 103 931 108 ‡

154 160 987 184 -—--—-·-—-—-t——-—--—·——-—-

152 212 185 250 cc
195 211 285 250 moror
296 195 420 259 rodense,
426 194 578 263 praecipua
596 211 641 262 spe
650 193 788 246 Paullinie
808 197 892 260 quod
900 206 985 248 vetu-

151 265 285 319 rtissimus
298 264 499 327 Consularium,
520 271 547 316 ct
556 263 656 317 militia
667 265 771 327 clarus,
787 263 926 332 gloriam
937 283 987 318 no·

152 352 264 403 merique
279 333 453 388 Britannicis
468 333 682 403 expeditionibus
696 333 848 385 meruisset.
903 337 984 403 Ego,

153 411 184 458 ut
194 407 388 470 concesserim,
407 405 594 472 apud-paucos
604 405 690 456 tacito
700 409 767 454 roto
777 405 914 471 quietem
926 421 983 472 pro

153 475 301 539 discordia,
311 477 414 528 bonum
425 479 454 527 et
463 475 640 526 innocentem
650 473 806 541 Principem
816 488 873 542 pro
883 476 985 542 pessi·

154 547 205 598 mie'
218 562 252 598 ac
267 545 490 614 flagitiosissimis
507 548 670 611 expetitum:
697 545 738 596 itu
753 559 845 612 neque
862 543 982 597 Paulli·

153 629 227 679 num,
239 631 294 685 qua
304 615 453 684 prudentia
462 613 524 677 fuit,
534 629 671 682 sperasse,
681 615 905 680 corruptissimo
916 630 981 668 sae·

152 686 215 738 culo
223 691 332 739 tantam
344 685 419 754 vulgi
430 685 659 747 moderationem,
668 698 742 747 reer,
752 688 794 746 ut,
808 685 859 751 qui
869 698 980 751 pacem

90 811 92 815 ,
152 755 529 818 belliamoreturbaverant,
548 754 655 806 bellum
666 755 741 820 pacis
751 754 873 806 caritate
882 754 978 822 depu-

142 823 263 876 ¹nerent:
283 838 373 892 neque
388 831 438 878 aut
452 825 590 878 exercitus
604 824 707 892 linguis
721 823 907 892 moribusque
918 825 976 877 dis·

152 909 236 945 sonos
255 893 284 945 in
303 893 378 948 hune
397 910 562 953 consensum
582 897 707 962 potuisse
727 891 901 956 coalescere,
923 899 976 946 aut
1006 956 1008 961 Ι

151 963 275 1032 Legatos
286 965 434 1029 aoDuces,
453 977 555 1034 magna
570 969 693 1031 exparte
704 963 801 1026 luxus,
820 966 974 1030 egestatis,
1006 964 1008 977 ²

119 1071 128 1077 .
151 1034 287 1086 scelerum
298 1036 350 1086 sibi
362 1036 502 1098 conscios,
522 1035 576 1085 nisi
591 1034 730 1102 pullutum
740 1033 975 1104 obstrictumque

89 1126 93 1131 ·
152 1105 259 1169 meritis
270 1106 327 1154 suis
339 1103 494 1170 Principem
507 1119 647 1170 passuros.
724 1153 739 1173 ᾗ

204 1171 360 1226 XXXVIII.
375 1227 379 1234 ,
395 1174 486 1227 Vetus
502 1189 536 1224 ac
549 1175 605 1225 iam
619 1173 727 1241 pridem
740 1171 825 1223 insita
836 1173 970 1232 mortali.

152 1241 204 1294 bus
216 1243 358 1310 potentiae
373 1243 473 1310 cupido
489 1258 551 1294 cum
562 1245 675 1314 Imperii
688 1240 883 1309 magnitudine
899 1244 968 1295 ado·

44 1379 52 1383 .
152 1311 383 1383 leviterupitque.
420 1313 490 1366 Nam
500 1314 585 1366 rebus
596 1313 721 1375 modicis,
730 1310 887 1379 aequalitas
897 1311 966 1364 faci·

53 1381 62 1388 ”’
100 1390 104 1393 “
152 1381 180 1434 le
192 1381 358 1436 habebatur:
376 1383 425 1435 sed
438 1383 500 1446 ubi,
518 1383 634 1435 subacto
645 1383 712 1434 orbe
723 1385 753 1432 et
762 1380 880 1432 aemulis
890 1383 965 1432 urbi·

152 1453 205 1504 bus
225 1453 399 1523 {legibusque
420 1455 530 1515 excisis,
549 1468 661 1504 securas
681 1466 748 1519 opes
766 1451 965 1518 concupiscere

154 1538 268 1575 vacuum
279 1524 340 1589 tuit,
350 1524 439 1590 prima
448 1522 625 1575 interPatres
635 1521 802 1590 plebemque
810 1523 965 1573 certamina

154 1608 294 1647 exarsere.
331 1591 413 1646 modo
425 1592 579 1645 turbulenti
589 1591 716 1653 Tribuni,
735 1590 817 1641 modo
828 1590 964 1643 Consules

154 1664 318 1730 praevalidi,
338 1669 368 1717 et
386 1665 415 1717 in
434 1664 505 1715 urbe
521 1678 554 1714 ac
565 1662 627 1712 forn
646 1665 823 1713 tentamenta
840 1660 963 1711 civilium

153 1733 301 1784 bellorum.
338 1734 406 1787 Mox
427 1734 443 1785 e
462 1734 544 1799 plebe
562 1726 826 1792 intimac.hiarius,
847 1731 963 1783 etnobi·

155 1801 222 1853 lium
234 1803 407 1867 saeuissimus
419 1802 451 1854 L.
459 1802 547 1863 Sulla,
557 1801 659 1852 rictam
670 1800 754 1851 armis
765 1799 922 1850 libertatem
934 1801 962 1851 in

156 1872 372 1937 dominationem
388 1878 540 1923 verterunt.
577 1870 645 1921 Post
663 1884 733 1937 quos
748 1870 797 1919 Gna
814 1868 962 1934 Pompeius

87 1954 91 1965 ·
125 1951 129 1957 ’
154 1942 300 2005 occultior,
321 1941 495 1992 nonmelior.
532 1941 569 1991 Et
579 1954 728 2006 numquam
739 1942 844 2005 postea,
864 1939 961 1990 nisibe

157 2011 315 2075 Principatu
336 2012 500 2077 quaesitum.
536 2010 598 2061 Non
610 2008 761 2060 discessere
775 2008 809 2071 ab
830 2009 913 2057 armis
932 2009 960 2057 in
1006 2025 1007 2030 ¹

156 2079 299 2133 Pharsalia
309 2092 341 2129 ac
352 2077 484 2146 Philippis
496 2078 595 2129 civium
605 2078 741 2146 legiones:
763 2077 865 2129 nedum
876 2074 959 2128 Otho·

157 2151 242 2201 nisae
257 2148 365 2203 Vitellii
378 2150 522 2200 exercitus
533 2154 634 2215 sponte
650 2148 769 2214 posituri
782 2145 887 2198 bellum
901 2146 959 2198 fue·

156 2222 219 2271 rint.
240 2218 338 2271 eadem
353 2217 418 2269 illos
433 2218 525 2270 Deum
534 2219 585 2279 ira,
597 2218 693 2269 cadem
709 2216 851 2268 hominum
862 2216 958 2277 rabies,

154 2288 269 2341 eaedem
280 2287 417 2341 scelerum
428 2302 542 2340 caussae
552 2288 581 2337 in
592 2286 759 2338 discordiam
769 2301 860 2352 egere.
879 2284 957 2348 Quod

135 2358 269 2423 *singulis
288 2358 366 2410 velut
384 2358 484 2409 ictibus
503 2362 646 2408 transacta
662 2361 728 2408 sunt
747 2355 831 2417 bella,
850 2355 956 2423 ignaria

153 2426 314 2492 Principum
333 2424 507 2477 factumest.
545 2423 601 2475 Sed
611 2430 791 2477 nrereterum
812 2428 955 2475 nouorum-

153 2509 207 2561 que
222 2507 330 2545 morum
346 2492 613 2561 reputatio-lougius
629 2493 706 2544 tulit:
729 2508 804 2545 nune
816 2492 853 2544 ad
866 2504 955 2543 rerum

153 2562 381 2615 ordinemvenio.
659 2598 661 2600 -

205 2628 335 2695 xxmx.
371 2627 502 2695 Proiecto
512 2625 800 2694 Brixellumothone,
811 2627 955 2694 honorlm·
1006 2641 1007 2644 ’
