<?xml version="1.0" encoding="UTF-8"?>
<!DOCTYPE html PUBLIC "-//W3C//DTD XHTML 1.0 Transitional//EN"
    "http://www.w3.org/TR/xhtml1/DTD/xhtml1-transitional.dtd">
<html xmlns="http://www.w3.org/1999/xhtml" xml:lang="en" lang="en">
 <head>
  <title>
</title>
<meta http-equiv="Content-Type" content="text/html;charset=utf-8" />
  <meta name='ocr-system' content='tesseract 3.04.00' />
  <meta name='ocr-capabilities' content='ocr_page ocr_carea ocr_par ocr_line ocrx_word'/>
</head>
<body>
  <div class='ocr_page' id='page_1' title='image "./ccorneliitaciti00socigoog/ccorneliitaciti00socigoog_0594.png"; bbox 0 0 2034 3025; ppageno 0'>
   <div class='ocr_carea' id='block_1_1' title="bbox 49 178 864 371">
    <p class='ocr_par' dir='ltr' id='par_1_1' title="bbox 49 178 864 371">
     <span class='ocr_line' id='line_1_1' title="bbox 108 178 855 273; baseline 0.003 -19"><span class='ocrx_word' id='word_1_1' title='bbox 108 202 187 272; x_wconf 77' lang='lat' dir='ltr'><strong>mn</strong></span> <span class='ocrx_word' id='word_1_2' title='bbox 198 204 244 254; x_wconf 84' lang='lat' dir='ltr'><strong>m</strong></span> <span class='ocrx_word' id='word_1_3' title='bbox 256 200 341 253; x_wconf 73' lang='lat' dir='ltr'><strong>err.</strong></span> <span class='ocrx_word' id='word_1_4' title='bbox 351 200 474 251; x_wconf 72' lang='lat' dir='ltr'><strong>sr-so.</strong></span> <span class='ocrx_word' id='word_1_5' title='bbox 491 178 644 269; x_wconf 64' lang='lat' dir='ltr'><strong>[nuso.</strong></span> <span class='ocrx_word' id='word_1_6' title='bbox 654 201 785 273; x_wconf 78' lang='lat' dir='ltr'><strong>l.c.70.1</strong></span> <span class='ocrx_word' id='word_1_7' title='bbox 805 205 855 257; x_wconf 80' lang='lat' dir='ltr'><strong>res</strong></span> 
     </span>
     <span class='ocr_line' id='line_1_2' title="bbox 49 302 864 371; baseline 0 -14"><span class='ocrx_word' id='word_1_8' title='bbox 49 308 171 357; x_wconf 78' lang='lat' dir='ltr'><strong>recinam</strong></span> <span class='ocrx_word' id='word_1_9' title='bbox 188 303 223 354; x_wconf 90' lang='lat' dir='ltr'><strong>ad</strong></span> <span class='ocrx_word' id='word_1_10' title='bbox 237 302 366 354; x_wconf 86' lang='lat' dir='ltr'><strong>cohortes</strong></span> <span class='ocrx_word' id='word_1_11' title='bbox 388 303 558 369; x_wconf 75' lang='lat' dir='ltr'><strong>fratremque</strong></span> <span class='ocrx_word' id='word_1_12' title='bbox 575 302 743 371; x_wconf 73' lang='lat' dir='ltr'><strong>perfugeret.</strong></span> <span class='ocrx_word' id='word_1_13' title='bbox 778 306 864 357; x_wconf 59' lang='lat' dir='ltr'><strong>Dein*</strong></span> 
     </span>
    </p>
   </div>
   <div class='ocr_carea' id='block_1_2' title="bbox 49 373 942 439">
    <p class='ocr_par' dir='ltr' id='par_1_2' title="bbox 49 373 942 439">
     <span class='ocr_line' id='line_1_3' title="bbox 49 373 942 439; baseline 0 -14"><span class='ocrx_word' id='word_1_14' title='bbox 49 374 204 425; x_wconf 72' lang='lat' dir='ltr'><strong>mobilitate</strong></span> <span class='ocrx_word' id='word_1_15' title='bbox 218 373 330 438; x_wconf 78' lang='lat' dir='ltr'><strong>ingenii,</strong></span> <span class='ocrx_word' id='word_1_16' title='bbox 347 376 385 432; x_wconf 89' lang='lat' dir='ltr'><strong>et,</strong></span> <span class='ocrx_word' id='word_1_17' title='bbox 393 387 467 439; x_wconf 72' lang='lat' dir='ltr'><strong>pirae</strong></span> <span class='ocrx_word' id='word_1_18' title='bbox 479 380 582 425; x_wconf 87' lang='lat' dir='ltr'><strong>natura</strong></span> <span class='ocrx_word' id='word_1_19' title='bbox 596 375 704 439; x_wconf 81' lang='lat' dir='ltr'><strong>pavoris</strong></span> <span class='ocrx_word' id='word_1_20' title='bbox 719 384 769 434; x_wconf 87' lang='lat' dir='ltr'><strong>cst,</strong></span> <span class='ocrx_word' id='word_1_21' title='bbox 788 389 851 425; x_wconf 81' lang='lat' dir='ltr'><strong>cunr</strong></span> <span class='ocrx_word' id='word_1_22' title='bbox 939 435 942 439; x_wconf 86' lang='lat'><strong>.</strong></span> 
     </span>
    </p>
   </div>
   <div class='ocr_carea' id='block_1_3' title="bbox 47 440 923 986">
    <p class='ocr_par' dir='ltr' id='par_1_3' title="bbox 47 440 923 986">
     <span class='ocr_line' id='line_1_4' title="bbox 49 440 851 507; baseline 0.002 -14"><span class='ocrx_word' id='word_1_23' title='bbox 49 442 145 493; x_wconf 82' lang='lat' dir='ltr'><strong>omnia</strong></span> <span class='ocrx_word' id='word_1_24' title='bbox 160 441 298 492; x_wconf 87' lang='lat' dir='ltr'><strong>metuenti</strong></span> <span class='ocrx_word' id='word_1_25' title='bbox 312 442 468 505; x_wconf 88' lang='lat' dir='ltr'><strong>praesentia</strong></span> <span class='ocrx_word' id='word_1_26' title='bbox 482 442 603 491; x_wconf 83' lang='lat' dir='ltr'><strong>maxime</strong></span> <span class='ocrx_word' id='word_1_27' title='bbox 617 440 802 507; x_wconf 69' lang='lat' dir='ltr'><strong>displicerent,</strong></span> <span class='ocrx_word' id='word_1_28' title='bbox 821 444 851 495; x_wconf 85' lang='lat' dir='ltr'><strong>in</strong></span> 
     </span>
     <span class='ocr_line' id='line_1_5' title="bbox 49 508 852 577; baseline 0.001 -17"><span class='ocrx_word' id='word_1_29' title='bbox 49 510 184 577; x_wconf 78' lang='lat' dir='ltr'><strong>palatium</strong></span> <span class='ocrx_word' id='word_1_30' title='bbox 196 508 362 574; x_wconf 72' lang='lat' dir='ltr'>regreditur,</span> <span class='ocrx_word' id='word_1_31' title='bbox 382 508 487 559; x_wconf 84' lang='lat' dir='ltr'><strong>rustum</strong></span> <span class='ocrx_word' id='word_1_32' title='bbox 504 510 715 577; x_wconf 80' lang='lat' dir='ltr'><strong>desertumquet</strong></span> <span class='ocrx_word' id='word_1_33' title='bbox 736 510 852 576; x_wconf 74' lang='lat' dir='ltr'><strong>dilapsis</strong></span> 
     </span>
     <span class='ocr_line' id='line_1_6' title="bbox 49 576 851 637; baseline 0 -8"><span class='ocrx_word' id='word_1_34' title='bbox 49 579 135 629; x_wconf 86' lang='lat' dir='ltr'><strong>etiam</strong></span> <span class='ocrx_word' id='word_1_35' title='bbox 147 576 249 626; x_wconf 80' lang='lat' dir='ltr'><strong>infimis</strong></span> <span class='ocrx_word' id='word_1_36' title='bbox 263 577 454 637; x_wconf 85' lang='lat' dir='ltr'><strong>servitiorum,</strong></span> <span class='ocrx_word' id='word_1_37' title='bbox 475 583 525 627; x_wconf 86' lang='lat' dir='ltr'><strong>aut</strong></span> <span class='ocrx_word' id='word_1_38' title='bbox 539 592 682 628; x_wconf 78' lang='lat' dir='ltr'><strong>oecursum</strong></span> <span class='ocrx_word' id='word_1_39' title='bbox 696 578 757 629; x_wconf 84' lang='lat' dir='ltr'><strong>eius·</strong></span> <span class='ocrx_word' id='word_1_40' title='bbox 768 576 851 629; x_wconf 83' lang='lat' dir='ltr'><strong>dccli·</strong></span> 
     </span>
     <span class='ocr_line' id='line_1_7' title="bbox 48 644 851 699; baseline 0.001 -3"><span class='ocrx_word' id='word_1_41' title='bbox 48 646 190 696; x_wconf 80' lang='lat' dir='ltr'><strong>nantibus.</strong></span> <span class='ocrx_word' id='word_1_42' title='bbox 222 645 324 695; x_wconf 83' lang='lat' dir='ltr'><strong>&#39;l&#39;erret</strong></span> <span class='ocrx_word' id='word_1_43' title='bbox 343 645 466 695; x_wconf 84' lang='lat' dir='ltr'><strong>solitudo</strong></span> <span class='ocrx_word' id='word_1_44' title='bbox 484 650 514 696; x_wconf 89' lang='lat' dir='ltr'><strong>et</strong></span> <span class='ocrx_word' id='word_1_45' title='bbox 525 644 657 698; x_wconf 83' lang='lat' dir='ltr'><strong>&#39;tacentes</strong></span> <span class='ocrx_word' id='word_1_46' title='bbox 675 646 744 697; x_wconf 81' lang='lat' dir='ltr'><strong>loci:</strong></span> <span class='ocrx_word' id='word_1_47' title='bbox 760 652 851 699; x_wconf 86' lang='lat' dir='ltr'><strong>tentat</strong></span> 
     </span>
     <span class='ocr_line' id='line_1_8' title="bbox 49 709 854 781; baseline 0.001 -17"><span class='ocrx_word' id='word_1_48' title='bbox 49 714 157 765; x_wconf 85' lang='lat' dir='ltr'><strong>clausa:</strong></span> <span class='ocrx_word' id='word_1_49' title='bbox 174 709 341 763; x_wconf 76' lang='lat' dir='ltr'><strong>inhorrescit</strong></span> <span class='ocrx_word' id='word_1_50' title='bbox 348 714 458 775; x_wconf 59' lang='lat' dir='ltr'><strong>securim</strong></span> <span class='ocrx_word' id='word_1_51' title='bbox 474 713 619 781; x_wconf 79' lang='lat' dir='ltr'><strong>fessusque</strong></span> <span class='ocrx_word' id='word_1_52' title='bbox 634 716 737 765; x_wconf 84' lang='lat' dir='ltr'><strong>misero</strong></span> <span class='ocrx_word' id='word_1_53' title='bbox 745 731 854 779; x_wconf 85' lang='lat' dir='ltr'><strong>errore,</strong></span> 
     </span>
     <span class='ocr_line' id='line_1_9' title="bbox 49 779 857 847; baseline 0.002 -15"><span class='ocrx_word' id='word_1_54' title='bbox 49 787 80 833; x_wconf 94' lang='lat' dir='ltr'><strong>et</strong></span> <span class='ocrx_word' id='word_1_55' title='bbox 92 779 221 847; x_wconf 88' lang='lat' dir='ltr'><strong>pudenda</strong></span> <span class='ocrx_word' id='word_1_56' title='bbox 237 780 344 831; x_wconf 84' lang='lat' dir='ltr'><strong>latebra</strong></span> <span class='ocrx_word' id='word_1_57' title='bbox 358 787 449 832; x_wconf 88' lang='lat' dir='ltr'><strong>semet</strong></span> <span class='ocrx_word' id='word_1_58' title='bbox 463 783 614 845; x_wconf 86' lang='lat' dir='ltr'><strong>occultans,</strong></span> <span class='ocrx_word' id='word_1_59' title='bbox 632 784 670 834; x_wconf 83' lang='lat' dir='ltr'><strong>ab</strong></span> <span class='ocrx_word' id='word_1_60' title='bbox 680 784 857 837; x_wconf 69' lang='lat' dir='ltr'><strong>lubariaci:</strong></span> 
     </span>
     <span class='ocr_line' id='line_1_10' title="bbox 48 846 923 919; baseline 0.01 -19"><span class='ocrx_word' id='word_1_61' title='bbox 48 850 103 911; x_wconf 88' lang='lat' dir='ltr'><strong>do,</strong></span> <span class='ocrx_word' id='word_1_62' title='bbox 129 849 255 918; x_wconf 83' lang='lat' dir='ltr'><strong>Tribuno</strong></span> <span class='ocrx_word' id='word_1_63' title='bbox 275 846 409 912; x_wconf 78' lang='lat' dir='ltr'><strong>cohortis,</strong></span> <span class='ocrx_word' id='word_1_64' title='bbox 425 850 608 916; x_wconf 70' lang='lat' dir='ltr'><strong>protrahitur.</strong></span> <span class='ocrx_word' id='word_1_65' title='bbox 640 851 759 905; x_wconf 75' lang='lat' dir='ltr'><strong>vinctae</strong></span> <span class='ocrx_word' id='word_1_66' title='bbox 776 868 853 919; x_wconf 86' lang='lat' dir='ltr'><strong>pone</strong></span> <span class='ocrx_word' id='word_1_67' title='bbox 919 899 923 909; x_wconf 93' lang='lat'><strong>.</strong></span> 
     </span>
     <span class='ocr_line' id='line_1_11' title="bbox 47 918 853 986; baseline 0.006 -18"><span class='ocrx_word' id='word_1_68' title='bbox 47 924 157 983; x_wconf 85' lang='lat' dir='ltr'><strong>tergum</strong></span> <span class='ocrx_word' id='word_1_69' title='bbox 173 930 283 977; x_wconf 65' lang='lat' dir='ltr'><strong>manuos</strong></span> <span class='ocrx_word' id='word_1_70' title='bbox 299 918 407 969; x_wconf 86' lang='lat' dir='ltr'><strong>laniata</strong></span> <span class='ocrx_word' id='word_1_71' title='bbox 419 926 510 980; x_wconf 82' lang='lat' dir='ltr'><strong>reste,</strong></span> <span class='ocrx_word' id='word_1_72' title='bbox 527 918 638 971; x_wconf 80' lang='lat' dir='ltr'><strong>foedum</strong></span> <span class='ocrx_word' id='word_1_73' title='bbox 652 922 853 986; x_wconf 81' lang='lat' dir='ltr'><strong>spectaculum,</strong></span> 
     </span>
    </p>
   </div>
   <div class='ocr_carea' id='block_1_4' title="bbox 50 986 931 1051">
    <p class='ocr_par' dir='ltr' id='par_1_4' title="bbox 50 986 931 1051">
     <span class='ocr_line' id='line_1_12' title="bbox 50 986 931 1051; baseline 0.009 -15"><span class='ocrx_word' id='word_1_74' title='bbox 50 986 219 1048; x_wconf 78' lang='lat' dir='ltr'><strong>ducebatur,</strong></span> <span class='ocrx_word' id='word_1_75' title='bbox 233 986 329 1037; x_wconf 85' lang='lat' dir='ltr'><strong>multis</strong></span> <span class='ocrx_word' id='word_1_76' title='bbox 343 988 566 1051; x_wconf 74' lang='lat' dir='ltr'><strong>increpantibus,</strong></span> <span class='ocrx_word' id='word_1_77' title='bbox 583 988 661 1038; x_wconf 86' lang='lat' dir='ltr'><strong>nolio</strong></span> <span class='ocrx_word' id='word_1_78' title='bbox 679 990 851 1042; x_wconf 85' lang='lat' dir='ltr'><strong>inlacriman-</strong></span> <span class='ocrx_word' id='word_1_79' title='bbox 928 1028 931 1044; x_wconf 45' lang='lat' dir='ltr'><strong>i</strong></span> 
     </span>
    </p>
   </div>
   <div class='ocr_carea' id='block_1_5' title="bbox 37 1054 889 2818">
    <p class='ocr_par' dir='ltr' id='par_1_5' title="bbox 47 1054 852 1392">
     <span class='ocr_line' id='line_1_13' title="bbox 47 1054 852 1109; baseline 0.009 -6"><span class='ocrx_word' id='word_1_80' title='bbox 47 1059 84 1105; x_wconf 89' lang='lat' dir='ltr'><strong>te.</strong></span> <span class='ocrx_word' id='word_1_81' title='bbox 120 1054 282 1105; x_wconf 71' lang='lat' dir='ltr'><strong>deformitas</strong></span> <span class='ocrx_word' id='word_1_82' title='bbox 292 1057 384 1105; x_wconf 79' lang='lat' dir='ltr'><strong>exitus</strong></span> <span class='ocrx_word' id='word_1_83' title='bbox 393 1056 607 1105; x_wconf 87' lang='lat' dir='ltr'><strong>misericordiam</strong></span> <span class='ocrx_word' id='word_1_84' title='bbox 618 1056 782 1108; x_wconf 71' lang='lat' dir='ltr'><strong>abstulerat.</strong></span> <span class='ocrx_word' id='word_1_85' title='bbox 796 1058 852 1109; x_wconf 86' lang='lat' dir='ltr'><strong>Ob·</strong></span> 
     </span>
     <span class='ocr_line' id='line_1_14' title="bbox 47 1122 852 1190; baseline 0.011 -20"><span class='ocrx_word' id='word_1_86' title='bbox 47 1123 108 1171; x_wconf 84' lang='lat' dir='ltr'><strong>vius</strong></span> <span class='ocrx_word' id='word_1_87' title='bbox 123 1138 142 1173; x_wconf 90' lang='lat' dir='ltr'><strong>e</strong></span> <span class='ocrx_word' id='word_1_88' title='bbox 154 1122 329 1174; x_wconf 81' lang='lat' dir='ltr'><strong>Gcrnraoicis</strong></span> <span class='ocrx_word' id='word_1_89' title='bbox 345 1122 482 1173; x_wconf 81' lang='lat' dir='ltr'><strong>militibus</strong></span> <span class='ocrx_word' id='word_1_90' title='bbox 497 1122 646 1175; x_wconf 73' lang='lat' dir='ltr'><strong>Vitellium</strong></span> <span class='ocrx_word' id='word_1_91' title='bbox 662 1123 768 1177; x_wconf 81' lang='lat' dir='ltr'><strong>infesto</strong></span> <span class='ocrx_word' id='word_1_92' title='bbox 783 1127 852 1190; x_wconf 80' lang='lat' dir='ltr'><strong>ictu,</strong></span> 
     </span>
     <span class='ocr_line' id='line_1_15' title="bbox 47 1190 851 1257; baseline 0.009 -18"><span class='ocrx_word' id='word_1_93' title='bbox 47 1204 98 1255; x_wconf 88' lang='lat' dir='ltr'><strong>per</strong></span> <span class='ocrx_word' id='word_1_94' title='bbox 111 1190 198 1252; x_wconf 87' lang='lat' dir='ltr'><strong>iram,</strong></span> <span class='ocrx_word' id='word_1_95' title='bbox 213 1190 259 1242; x_wconf 80' lang='lat' dir='ltr'><strong>rel</strong></span> <span class='ocrx_word' id='word_1_96' title='bbox 272 1205 329 1257; x_wconf 89' lang='lat' dir='ltr'><strong>quo</strong></span> <span class='ocrx_word' id='word_1_97' title='bbox 342 1192 481 1241; x_wconf 82' lang='lat' dir='ltr'><strong>maturius·</strong></span> <span class='ocrx_word' id='word_1_98' title='bbox 494 1190 622 1243; x_wconf 85' lang='lat' dir='ltr'><strong>ludibriis</strong></span> <span class='ocrx_word' id='word_1_99' title='bbox 637 1192 787 1256; x_wconf 79' lang='lat' dir='ltr'><strong>eximeret,</strong></span> <span class='ocrx_word' id='word_1_100' title='bbox 813 1208 851 1246; x_wconf 83' lang='lat' dir='ltr'><strong>sn</strong></span> 
     </span>
     <span class='ocr_line' id='line_1_16' title="bbox 47 1258 851 1326; baseline 0.006 -18"><span class='ocrx_word' id='word_1_101' title='bbox 47 1258 202 1312; x_wconf 79' lang='lat' dir='ltr'><strong>Tribunum</strong></span> <span class='ocrx_word' id='word_1_102' title='bbox 212 1260 376 1326; x_wconf 73' lang='lat' dir='ltr'><strong>appetierit,</strong></span> <span class='ocrx_word' id='word_1_103' title='bbox 387 1261 419 1309; x_wconf 88' lang='lat' dir='ltr'><strong>in</strong></span> <span class='ocrx_word' id='word_1_104' title='bbox 426 1260 534 1311; x_wconf 86' lang='lat' dir='ltr'><strong>incerto</strong></span> <span class='ocrx_word' id='word_1_105' title='bbox 544 1260 611 1311; x_wconf 79' lang='lat' dir='ltr'><strong>l&#39;uit:</strong></span> <span class='ocrx_word' id='word_1_106' title='bbox 625 1274 722 1320; x_wconf 73' lang='lat' dir='ltr'><strong>aurem</strong></span> <span class='ocrx_word' id='word_1_107' title='bbox 731 1264 851 1315; x_wconf 84' lang='lat' dir='ltr'><strong>Tribuni</strong></span> 
     </span>
     <span class='ocr_line' id='line_1_17' title="bbox 48 1326 567 1392; baseline 0.002 -14"><span class='ocrx_word' id='word_1_108' title='bbox 48 1329 202 1392; x_wconf 80' lang='lat' dir='ltr'><strong>aorputarit</strong></span> <span class='ocrx_word' id='word_1_109' title='bbox 211 1341 243 1377; x_wconf 86' lang='lat' dir='ltr'><strong>ac</strong></span> <span class='ocrx_word' id='word_1_110' title='bbox 252 1330 345 1379; x_wconf 83' lang='lat' dir='ltr'><strong>statim</strong></span> <span class='ocrx_word' id='word_1_111' title='bbox 359 1326 503 1388; x_wconf 74' lang='lat' dir='ltr'><strong>confossus</strong></span> <span class='ocrx_word' id='word_1_112' title='bbox 512 1334 567 1380; x_wconf 88' lang='lat' dir='ltr'><strong>est.</strong></span> 
     </span>
    </p>

    <p class='ocr_par' dir='ltr' id='par_1_6' title="bbox 43 1395 889 2064">
     <span class='ocr_line' id='line_1_18' title="bbox 85 1395 849 1461; baseline 0.005 -17"><span class='ocrx_word' id='word_1_113' title='bbox 85 1395 240 1447; x_wconf 57' lang='lat' dir='ltr'><strong>lxxxv.</strong></span> <span class='ocrx_word' id='word_1_114' title='bbox 274 1396 438 1458; x_wconf 65' lang='lat' dir='ltr'><strong>Vitellium,</strong></span> <span class='ocrx_word' id='word_1_115' title='bbox 461 1395 570 1447; x_wconf 78' lang='lat' dir='ltr'><strong>infestis</strong></span> <span class='ocrx_word' id='word_1_116' title='bbox 591 1397 770 1448; x_wconf 80' lang='lat' dir='ltr'><strong>mucronibus</strong></span> <span class='ocrx_word' id='word_1_117' title='bbox 786 1412 849 1461; x_wconf 80' lang='lat' dir='ltr'><strong>eoa-</strong></span> 
     </span>
     <span class='ocr_line' id='line_1_19' title="bbox 47 1460 852 1530; baseline 0.005 -15"><span class='ocrx_word' id='word_1_118' title='bbox 47 1468 134 1524; x_wconf 83' lang='lat' dir='ltr'><strong>ctum,</strong></span> <span class='ocrx_word' id='word_1_119' title='bbox 150 1462 233 1513; x_wconf 86' lang='lat' dir='ltr'><strong>modo</strong></span> <span class='ocrx_word' id='word_1_120' title='bbox 247 1465 357 1530; x_wconf 84' lang='lat' dir='ltr'><strong>erigere</strong></span> <span class='ocrx_word' id='word_1_121' title='bbox 370 1470 444 1516; x_wconf 77' lang='lat' dir='ltr'><strong>oret</strong></span> <span class='ocrx_word' id='word_1_122' title='bbox 457 1462 562 1516; x_wconf 75' lang='lat' dir='ltr'><strong>offerre</strong></span> <span class='ocrx_word' id='word_1_123' title='bbox 575 1460 757 1527; x_wconf 78' lang='lat' dir='ltr'><strong>contumeliis,</strong></span> <span class='ocrx_word' id='word_1_124' title='bbox 776 1479 852 1519; x_wconf 86' lang='lat' dir='ltr'><strong>nunc</strong></span> 
     </span>
     <span class='ocr_line' id='line_1_20' title="bbox 47 1531 851 1600; baseline 0.002 -17"><span class='ocrx_word' id='word_1_125' title='bbox 47 1531 179 1583; x_wconf 79' lang='lat' dir='ltr'><strong>cadentes</strong></span> <span class='ocrx_word' id='word_1_126' title='bbox 187 1537 295 1582; x_wconf 85' lang='lat' dir='ltr'><strong>statuas</strong></span> <span class='ocrx_word' id='word_1_127' title='bbox 303 1547 375 1594; x_wconf 54' lang='lat' dir='ltr'><strong>suase</strong></span> <span class='ocrx_word' id='word_1_128' title='bbox 393 1532 555 1600; x_wconf 81' lang='lat' dir='ltr'><strong>plerumque</strong></span> <span class='ocrx_word' id='word_1_129' title='bbox 564 1533 674 1596; x_wconf 80' lang='lat' dir='ltr'><strong>Rostra,</strong></span> <span class='ocrx_word' id='word_1_130' title='bbox 684 1540 733 1585; x_wconf 88' lang='lat' dir='ltr'><strong>aut</strong></span> <span class='ocrx_word' id='word_1_131' title='bbox 743 1534 851 1586; x_wconf 77' lang='lat' dir='ltr'><strong>Gal-bae</strong></span> 
     </span>
     <span class='ocr_line' id='line_1_21' title="bbox 47 1599 850 1668; baseline 0.002 -17"><span class='ocrx_word' id='word_1_132' title='bbox 47 1600 133 1651; x_wconf 84' lang='lat' dir='ltr'><strong>eccisi</strong></span> <span class='ocrx_word' id='word_1_133' title='bbox 145 1599 237 1650; x_wconf 88' lang='lat' dir='ltr'><strong>locum</strong></span> <span class='ocrx_word' id='word_1_134' title='bbox 252 1602 391 1662; x_wconf 81' lang='lat' dir='ltr'><strong>contueri3</strong></span> <span class='ocrx_word' id='word_1_135' title='bbox 415 1608 558 1668; x_wconf 85' lang='lat' dir='ltr'><strong>postremo</strong></span> <span class='ocrx_word' id='word_1_136' title='bbox 571 1602 609 1652; x_wconf 83' lang='lat' dir='ltr'><strong>ad</strong></span> <span class='ocrx_word' id='word_1_137' title='bbox 621 1601 787 1664; x_wconf 74' lang='lat' dir='ltr'><strong>Gemonias,</strong></span> <span class='ocrx_word' id='word_1_138' title='bbox 802 1605 850 1653; x_wconf 87' lang='lat' dir='ltr'><strong>ubi</strong></span> 
     </span>
     <span class='ocr_line' id='line_1_22' title="bbox 46 1667 851 1744; baseline 0.001 -21"><span class='ocrx_word' id='word_1_139' title='bbox 46 1682 147 1736; x_wconf 80' lang='lat' dir='ltr'><strong>corpus</strong></span> <span class='ocrx_word' id='word_1_140' title='bbox 161 1667 251 1720; x_wconf 80' lang='lat' dir='ltr'><strong>Flavii</strong></span> <span class='ocrx_word' id='word_1_141' title='bbox 263 1667 359 1720; x_wconf 86' lang='lat' dir='ltr'><strong>Sabini</strong></span> <span class='ocrx_word' id='word_1_142' title='bbox 370 1670 508 1733; x_wconf 83' lang='lat' dir='ltr'><strong>iacuerat,</strong></span> <span class='ocrx_word' id='word_1_143' title='bbox 524 1670 685 1736; x_wconf 79' lang='lat' dir='ltr'><strong>propulere.</strong></span> <span class='ocrx_word' id='word_1_144' title='bbox 716 1672 779 1724; x_wconf 84' lang='lat' dir='ltr'><strong>Vox</strong></span> <span class='ocrx_word' id='word_1_145' title='bbox 793 1688 851 1744; x_wconf 76' lang='lat' dir='ltr'><strong>poa</strong></span> 
     </span>
     <span class='ocr_line' id='line_1_23' title="bbox 44 1737 851 1805; baseline 0.001 -15"><span class='ocrx_word' id='word_1_146' title='bbox 44 1754 103 1790; x_wconf 88' lang='lat' dir='ltr'><strong>non</strong></span> <span class='ocrx_word' id='word_1_147' title='bbox 112 1738 258 1805; x_wconf 80' lang='lat' dir='ltr'><strong>degeneris</strong></span> <span class='ocrx_word' id='word_1_148' title='bbox 267 1737 353 1788; x_wconf 82' lang='lat' dir='ltr'><strong>aoinri</strong></span> <span class='ocrx_word' id='word_1_149' title='bbox 366 1744 494 1804; x_wconf 73' lang='lat' dir='ltr'><strong>excepta,</strong></span> <span class='ocrx_word' id='word_1_150' title='bbox 511 1753 573 1789; x_wconf 83' lang='lat' dir='ltr'><strong>cum</strong></span> <span class='ocrx_word' id='word_1_151' title='bbox 583 1739 851 1791; x_wconf 86' lang='lat' dir='ltr'><strong>Tribunoi&#39;nsultan·</strong></span> 
     </span>
     <span class='ocr_line' id='line_1_24' title="bbox 45 1804 889 1876; baseline 0.002 -18"><span class='ocrx_word' id='word_1_152' title='bbox 45 1809 77 1868; x_wconf 91' lang='lat' dir='ltr'><strong>ti,</strong></span> <span class='ocrx_word' id='word_1_153' title='bbox 95 1822 122 1858; x_wconf 80' lang='lat' dir='ltr'><strong>se</strong></span> <span class='ocrx_word' id='word_1_154' title='bbox 137 1816 228 1858; x_wconf 81' lang='lat' dir='ltr'><strong>tamen</strong></span> <span class='ocrx_word' id='word_1_155' title='bbox 239 1804 432 1873; x_wconf 72' lang='lat' dir='ltr'><strong>loriperstorem</strong></span> <span class='ocrx_word' id='word_1_156' title='bbox 444 1805 612 1876; x_wconf 55' lang='lat' dir='ltr'><strong>dossinus,</strong></span> <span class='ocrx_word' id='word_1_157' title='bbox 626 1809 780 1874; x_wconf 81' lang='lat' dir='ltr'><strong>respondit.</strong></span> <span class='ocrx_word' id='word_1_158' title='bbox 810 1811 852 1860; x_wconf 83' lang='lat' dir='ltr'><strong>ilc</strong></span> <span class='ocrx_word' id='word_1_159' title='bbox 872 1808 889 1820; x_wconf 91' lang='grc'>”</span> 
     </span>
     <span class='ocr_line' id='line_1_25' title="bbox 46 1873 851 1940; baseline 0.002 -13"><span class='ocrx_word' id='word_1_160' title='bbox 46 1874 150 1927; x_wconf 81' lang='lat' dir='ltr'><strong>deinde</strong></span> <span class='ocrx_word' id='word_1_161' title='bbox 160 1875 278 1940; x_wconf 72' lang='lat' dir='ltr'><strong>ingestis</strong></span> <span class='ocrx_word' id='word_1_162' title='bbox 290 1873 455 1924; x_wconf 80' lang='lat' dir='ltr'><strong>vulneribus</strong></span> <span class='ocrx_word' id='word_1_163' title='bbox 471 1876 604 1926; x_wconf 87' lang='lat' dir='ltr'><strong>concidit.</strong></span> <span class='ocrx_word' id='word_1_164' title='bbox 637 1877 673 1928; x_wconf 83' lang='lat' dir='ltr'><strong>Et</strong></span> <span class='ocrx_word' id='word_1_165' title='bbox 691 1877 740 1927; x_wconf 83' lang='lat' dir='ltr'><strong>vul</strong></span> <span class='ocrx_word' id='word_1_166' title='bbox 758 1891 791 1928; x_wconf 82' lang='lat' dir='ltr'><strong>us</strong></span> <span class='ocrx_word' id='word_1_167' title='bbox 804 1891 851 1930; x_wconf 84' lang='lat' dir='ltr'><strong>ee·</strong></span> 
     </span>
     <span class='ocr_line' id='line_1_26' title="bbox 45 1892 849 2012; baseline 0.002 -16"><span class='ocrx_word' id='word_1_168' title='bbox 45 1945 109 1996; x_wconf 83' lang='lat' dir='ltr'><strong>dem</strong></span> <span class='ocrx_word' id='word_1_169' title='bbox 119 1945 260 2010; x_wconf 81' lang='lat' dir='ltr'><strong>pravitate</strong></span> <span class='ocrx_word' id='word_1_170' title='bbox 270 1942 460 1995; x_wconf 83' lang='lat' dir='ltr'><strong>insectabatur</strong></span> <span class='ocrx_word' id='word_1_171' title='bbox 467 1943 662 2008; x_wconf 77' lang='lat' dir='ltr'><strong>interfectum,</strong></span> <span class='ocrx_word' id='word_1_172' title='bbox 677 1892 849 2012; x_wconf 61' lang='lat' dir='ltr'><strong>pondererat</strong></span> 
     </span>
     <span class='ocr_line' id='line_1_27' title="bbox 43 2015 801 2064; baseline -0.012 -1"><span class='ocrx_word' id='word_1_173' title='bbox 43 2015 194 2064; x_wconf 81' lang='lat' dir='ltr'><strong>virentem.</strong></span> <span class='ocrx_word' id='word_1_174' title='bbox 480 2055 483 2058; x_wconf 80' lang='grc'>,</span> <span class='ocrx_word' id='word_1_175' title='bbox 799 2026 801 2034; x_wconf 44' lang='lat' dir='ltr'>v</span> 
     </span>
    </p>

    <p class='ocr_par' dir='ltr' id='par_1_7' title="bbox 37 2077 851 2818">
     <span class='ocr_line' id='line_1_28' title="bbox 83 2077 850 2148; baseline 0.004 -17"><span class='ocrx_word' id='word_1_176' title='bbox 83 2078 250 2133; x_wconf 59' lang='lat' dir='ltr'><strong>mxxxvi.</strong></span> <span class='ocrx_word' id='word_1_177' title='bbox 283 2077 383 2139; x_wconf 83' lang='lat' dir='ltr'><strong>l&#39;otriu¹</strong></span> <span class='ocrx_word' id='word_1_178' title='bbox 404 2080 451 2130; x_wconf 88' lang='lat' dir='ltr'><strong>illi</strong></span> <span class='ocrx_word' id='word_1_179' title='bbox 474 2080 604 2134; x_wconf 84' lang='lat' dir='ltr'><strong>Luceria.</strong></span> <span class='ocrx_word' id='word_1_180' title='bbox 641 2083 792 2148; x_wconf 83' lang='lat' dir='ltr'><strong>septimum</strong></span> <span class='ocrx_word' id='word_1_181' title='bbox 817 2087 850 2134; x_wconf 86' lang='lat' dir='ltr'><strong>et</strong></span> 
     </span>
     <span class='ocr_line' id='line_1_29' title="bbox 44 2149 849 2218; baseline 0.005 -21"><span class='ocrx_word' id='word_1_182' title='bbox 44 2149 301 2218; x_wconf 59' lang='lat' dir='ltr'><strong>quinquagesimum</strong></span> <span class='ocrx_word' id='word_1_183' title='bbox 312 2149 414 2199; x_wconf 86' lang='lat' dir='ltr'><strong>aetatis</strong></span> <span class='ocrx_word' id='word_1_184' title='bbox 427 2165 530 2200; x_wconf 83' lang='lat' dir='ltr'><strong>annum</strong></span> <span class='ocrx_word' id='word_1_185' title='bbox 541 2149 679 2216; x_wconf 78' lang='lat' dir='ltr'><strong>explebat.</strong></span> <span class='ocrx_word' id='word_1_186' title='bbox 715 2149 849 2202; x_wconf 83' lang='lat' dir='ltr'><strong>Consula-</strong></span> 
     </span>
     <span class='ocr_line' id='line_1_30' title="bbox 42 2215 848 2284; baseline 0 -15"><span class='ocrx_word' id='word_1_187' title='bbox 42 2226 121 2279; x_wconf 83' lang='lat' dir='ltr'><strong>tum,</strong></span> <span class='ocrx_word' id='word_1_188' title='bbox 137 2215 312 2279; x_wconf 80' lang='lat' dir='ltr'><strong>Sacerdotis,</strong></span> <span class='ocrx_word' id='word_1_189' title='bbox 332 2231 434 2270; x_wconf 83' lang='lat' dir='ltr'><strong>nemon</strong></span> <span class='ocrx_word' id='word_1_190' title='bbox 451 2218 601 2284; x_wconf 85' lang='lat' dir='ltr'><strong>locumque</strong></span> <span class='ocrx_word' id='word_1_191' title='bbox 611 2218 686 2270; x_wconf 89' lang='lat' dir='ltr'><strong>inter</strong></span> <span class='ocrx_word' id='word_1_192' title='bbox 700 2220 848 2284; x_wconf 83' lang='lat' dir='ltr'><strong>primores,</strong></span> 
     </span>
     <span class='ocr_line' id='line_1_31' title="bbox 42 2285 847 2353; baseline 0.004 -16"><span class='ocrx_word' id='word_1_193' title='bbox 42 2285 123 2337; x_wconf 81' lang='lat' dir='ltr'><strong>nulla</strong></span> <span class='ocrx_word' id='word_1_194' title='bbox 141 2300 194 2337; x_wconf 81' lang='lat' dir='ltr'><strong>soa</strong></span> <span class='ocrx_word' id='word_1_195' title='bbox 209 2285 363 2348; x_wconf 80' lang='lat' dir='ltr'><strong>industria,</strong></span> <span class='ocrx_word' id='word_1_196' title='bbox 381 2287 434 2338; x_wconf 86' lang='lat' dir='ltr'><strong>sed</strong></span> <span class='ocrx_word' id='word_1_197' title='bbox 450 2294 553 2338; x_wconf 72' lang='lat' dir='ltr'><strong>uincta</strong></span> <span class='ocrx_word' id='word_1_198' title='bbox 571 2288 658 2353; x_wconf 86' lang='lat' dir='ltr'><strong>patris</strong></span> <span class='ocrx_word' id='word_1_199' title='bbox 678 2287 847 2340; x_wconf 82' lang='lat' dir='ltr'><strong>claritudine</strong></span> 
     </span>
     <span class='ocr_line' id='line_1_32' title="bbox 41 2353 851 2423; baseline 0 -16"><span class='ocrx_word' id='word_1_200' title='bbox 41 2355 170 2421; x_wconf 83' lang='lat' dir='ltr'><strong>adeptus.</strong></span> <span class='ocrx_word' id='word_1_201' title='bbox 204 2353 393 2421; x_wconf 77' lang='lat' dir='ltr'><strong>Principatum</strong></span> <span class='ocrx_word' id='word_1_202' title='bbox 411 2357 439 2407; x_wconf 84' lang='lat' dir='ltr'><strong>ei</strong></span> <span class='ocrx_word' id='word_1_203' title='bbox 458 2355 594 2417; x_wconf 82' lang='lat' dir='ltr'><strong>detulere,</strong></span> <span class='ocrx_word' id='word_1_204' title='bbox 611 2355 659 2423; x_wconf 85' lang='lat' dir='ltr'><strong>qui</strong></span> <span class='ocrx_word' id='word_1_205' title='bbox 678 2357 769 2422; x_wconf 85' lang='lat' dir='ltr'><strong>ipsum</strong></span> <span class='ocrx_word' id='word_1_206' title='bbox 788 2369 851 2407; x_wconf 51' lang='lat' dir='ltr'><strong>non¹</strong></span> 
     </span>
     <span class='ocr_line' id='line_1_33' title="bbox 41 2422 846 2490; baseline 0 -16"><span class='ocrx_word' id='word_1_207' title='bbox 41 2428 190 2475; x_wconf 82' lang='lat' dir='ltr'><strong>noverant.</strong></span> <span class='ocrx_word' id='word_1_208' title='bbox 222 2422 320 2476; x_wconf 85' lang='lat' dir='ltr'><strong>Studia</strong></span> <span class='ocrx_word' id='word_1_209' title='bbox 330 2426 481 2487; x_wconf 69' lang='lat' dir='ltr'><strong>exercitus,</strong></span> <span class='ocrx_word' id='word_1_210' title='bbox 491 2439 556 2475; x_wconf 86' lang='lat' dir='ltr'><strong>raro</strong></span> <span class='ocrx_word' id='word_1_211' title='bbox 567 2425 701 2490; x_wconf 81' lang='lat' dir='ltr'><strong>cuiquam,</strong></span> <span class='ocrx_word' id='word_1_212' title='bbox 710 2423 789 2475; x_wconf 90' lang='lat' dir='ltr'><strong>bonis</strong></span> <span class='ocrx_word' id='word_1_213' title='bbox 799 2438 846 2474; x_wconf 87' lang='lat' dir='ltr'><strong>ar·</strong></span> 
     </span>
     <span class='ocr_line' id='line_1_34' title="bbox 40 2491 842 2560; baseline -0.004 -15"><span class='ocrx_word' id='word_1_214' title='bbox 40 2492 118 2545; x_wconf 86' lang='lat' dir='ltr'><strong>tibus</strong></span> <span class='ocrx_word' id='word_1_215' title='bbox 127 2491 267 2560; x_wconf 62' lang='lat' dir='ltr'><strong>qoaesita&#39;</strong></span> <span class='ocrx_word' id='word_1_216' title='bbox 279 2493 526 2558; x_wconf 79' lang='lat' dir='ltr'><strong>perindendtuere,</strong></span> <span class='ocrx_word' id='word_1_217' title='bbox 545 2507 627 2560; x_wconf 83' lang='lat' dir='ltr'><strong>quarn</strong></span> <span class='ocrx_word' id='word_1_218' title='bbox 637 2491 699 2542; x_wconf 74' lang='lat' dir='ltr'><strong>liui‘c</strong></span> <span class='ocrx_word' id='word_1_219' title='bbox 708 2491 842 2559; x_wconf 78' lang='lat' dir='ltr'><strong>perigna-</strong></span> 
     </span>
     <span class='ocr_line' id='line_1_35' title="bbox 38 2559 845 2628; baseline -0.002 -14"><span class='ocrx_word' id='word_1_220' title='bbox 38 2563 123 2614; x_wconf 79' lang='lat' dir='ltr'><strong>riarrr.</strong></span> <span class='ocrx_word' id='word_1_221' title='bbox 158 2561 253 2614; x_wconf 81' lang='lat' dir='ltr'><strong>luerat</strong></span> <span class='ocrx_word' id='word_1_222' title='bbox 262 2567 356 2613; x_wconf 86' lang='lat' dir='ltr'><strong>tamen</strong></span> <span class='ocrx_word' id='word_1_223' title='bbox 363 2563 524 2628; x_wconf 82' lang='lat' dir='ltr'><strong>simplicitas</strong></span> <span class='ocrx_word' id='word_1_224' title='bbox 534 2577 566 2613; x_wconf 87' lang='lat' dir='ltr'><strong>ac</strong></span> <span class='ocrx_word' id='word_1_225' title='bbox 577 2559 745 2612; x_wconf 71' lang='lat' dir='ltr'><strong>liberalitate</strong></span> <span class='ocrx_word' id='word_1_226' title='bbox 761 2575 845 2626; x_wconf 72' lang='lat' dir='ltr'><strong>quae,</strong></span> 
     </span>
     <span class='ocr_line' id='line_1_36' title="bbox 38 2629 844 2695; baseline -0.005 -13"><span class='ocrx_word' id='word_1_227' title='bbox 38 2631 69 2682; x_wconf 88' lang='lat' dir='ltr'><strong>ni</strong></span> <span class='ocrx_word' id='word_1_228' title='bbox 89 2629 165 2682; x_wconf 82' lang='lat' dir='ltr'><strong>adsit</strong></span> <span class='ocrx_word' id='word_1_229' title='bbox 183 2630 299 2695; x_wconf 82' lang='lat' dir='ltr'><strong>modus,</strong></span> <span class='ocrx_word' id='word_1_230' title='bbox 321 2631 351 2680; x_wconf 91' lang='lat' dir='ltr'><strong>in</strong></span> <span class='ocrx_word' id='word_1_231' title='bbox 369 2632 484 2682; x_wconf 84' lang='lat' dir='ltr'><strong>exitium</strong></span> <span class='ocrx_word' id='word_1_232' title='bbox 502 2635 660 2681; x_wconf 81' lang='lat' dir='ltr'><strong>vertentur.</strong></span> <span class='ocrx_word' id='word_1_233' title='bbox 692 2629 844 2689; x_wconf 70' lang='lat' dir='ltr'><strong>Amicitias,</strong></span> 
     </span>
     <span class='ocr_line' id='line_1_37' title="bbox 37 2697 839 2818; baseline 0.002 -66"><span class='ocrx_word' id='word_1_234' title='bbox 37 2698 107 2752; x_wconf 82' lang='lat' dir='ltr'><strong>dum</strong></span> <span class='ocrx_word' id='word_1_235' title='bbox 116 2699 474 2768; x_wconf 74' lang='lat' dir='ltr'><strong>magnitudinemunerum‚</strong></span> <span class='ocrx_word' id='word_1_236' title='bbox 491 2697 839 2818; x_wconf 65' lang='lat' dir='ltr'><strong>nonconptaptiamorums</strong></span> 
     </span>
    </p>

    <p class='ocr_par' dir='ltr' id='par_1_8' title="bbox 626 2795 636 2818">
     <span class='ocr_line' id='line_1_38' title="bbox 626 2795 636 2818; baseline 0 0"><span class='ocrx_word' id='word_1_237' title='bbox 626 2795 636 2818; x_wconf 75' lang='grc' dir='ltr'><strong><em>Ι</em></strong></span> 
     </span>
    </p>
   </div>
   <div class='ocr_carea' id='block_1_6' title="bbox 0 0 1022 3025">
    <p class='ocr_par' dir='ltr' id='par_1_9' title="bbox 0 0 1022 3025">
     <span class='ocr_line' id='line_1_39' title="bbox 0 0 1022 3025; baseline 0 3"><span class='ocrx_word' id='word_1_238' title='bbox 0 0 1022 3025; x_wconf 95' lang='lat' dir='ltr'><strong> </strong></span> 
     </span>
    </p>
   </div>
  </div>
 </body>
</html>
