2034 3025
241 103 462 158 nrsnocvs
480 106 564 160 cnr.
583 106 679 162 saar.
811 107 861 164 aar
933 92 941 100 ’

60 227 98 280 ge
109 211 198 278 magis
209 209 342 262 facultate
353 211 540 276 eloquentiam
553 213 698 274 contineri,
713 229 748 265 ne
759 221 799 277 tu,
815 229 866 282 pus

58 287 100 343 to,
120 281 234 341 abnues,
255 278 581 346 etbisigniiicarerultu
611 281 763 341 ridentur„
805 336 808 343 ,
863 313 873 338 s,
918 337 928 346 ,.

111 348 235 410 Deinde,
256 363 318 398 cum
329 350 402 414 Aper
412 354 442 399 et
453 348 595 404 Secundus
604 348 680 400 idem
691 349 862 412 adnuissent,
886 355 889 361 ’

58 417 196 480 Messala,
224 419 303 483 qussi
314 431 410 468 rursus
420 418 570 484 incipiens:
598 419 728 485 quoniam
740 419 822 472 initia
831 424 861 472 et

56 487 165 537 semina
174 485 279 537 veteris
290 486 465 552 eloquentiae
470 487 537 538 satis
543 486 860 550 demonstrassevideor,

57 555 184 607 docendo
195 555 294 621 quibus
306 555 414 606 artibus
424 557 532 623 antiqui
545 562 671 607 oratores
677 555 787 606 institui
798 571 860 606 eru·

58 623 170 690 dirique
189 623 264 677 soliti
277 623 346 673 sint:
368 636 530 691 persequar
552 640 625 676 nunc
646 625 867 676 exercitationes

58 707 170 744 eorum.
202 706 370 759 quamquam
384 693 453 758 ipsis
468 694 573 760 artibus
593 695 666 745 inest
686 692 862 756 exercitatio,

58 761 268 828 necquicquam
279 762 422 826 percipere
433 767 477 814 tot
488 763 659 824 reconditas,
685 767 734 814 aut
748 767 807 814 tarn
818 775 862 814 va·

58 829 126 890 rias,
147 844 193 881 res
204 837 307 895 potest,
327 831 381 881 nisi
391 837 424 882 ut
433 832 566 884 scientiae
578 832 733 894 meditatio,
748 829 863 882 medita·

60 897 137 948 tioni
146 896 270 962 facultas,
292 899 421 951 facultati
430 901 470 951 vis
482 901 659 969 eloquentiae
671 901 793 954 accedat.
815 913 864 964 par

58 981 131 1035 quae
142 969 304 1034 conligitur,
315 969 441 1020 eamdem
454 984 515 1020 esse
525 973 662 1022 rationem
673 976 702 1022 et
712 970 863 1035 percipien-

59 1037 105 1099 di,
131 1051 205 1105 quae
213 1035 353 1101 proferas,
378 1043 408 1087 et
417 1035 593 1103 proferendi,
615 1053 686 1103 quae
698 1037 863 1102 perceperis.

60 1104 129 1168 Sed,
139 1106 218 1156 sicui
229 1105 392 1156 obscuriora
402 1104 471 1156 hoec
479 1105 619 1168 ridentur,
631 1107 709 1172 isque
721 1104 863 1158 scientiam

61 1175 98 1225 ab
110 1174 311 1225 exercitatione
323 1179 448 1239 separat,
468 1174 498 1225 id
509 1180 586 1226 certe
597 1175 744 1237 concedet,
764 1173 865 1224 instru-

61 1249 138 1294 ctum
154 1247 185 1294 et
197 1243 310 1309 plenum
326 1242 368 1293 bis
382 1244 489 1294 artibus
505 1243 628 1294 animum
644 1243 728 1310 longe
744 1243 865 1308 paratio·

60 1327 124 1375 rens
133 1312 169 1362 ad
180 1326 228 1394 ean¹
239 1313 456 1385 exercitationes
468 1317 630 1375 venturum,
652 1326 723 1380 quas
734 1311 865 1380 propriae

61 1394 147 1433 curae
159 1389 302 1433 oratorum
315 1380 452 1432 videntur.
893 1411 914 1440 s.

117 1447 247 1515 XXXlV.
266 1451 342 1517 Ergo
354 1447 426 1515 apud
437 1448 558 1498 maiores
570 1453 680 1498 nostros
691 1447 799 1498 iuvenis
809 1447 857 1499 ille

62 1518 110 1587 qui
123 1517 185 1568 soro
195 1523 225 1583 ct
240 1518 417 1585 eloquentiae
432 1518 595 1584 parabatur,
626 1518 739 1568 inbutus
752 1517 810 1569 iam
819 1514 867 1569 ‹lo-

61 1587 182 1639 mastica
191 1587 352 1653 disciplina,
377 1588 499 1640 refertus
510 1586 636 1641 honestis
645 1585 757 1647 studiis,
783 1585 867 1637 dedu·

62 1658 181 1709 cebatur
192 1672 209 1707 a
219 1662 309 1723 patre,
324 1656 370 1708 vel
379 1673 397 1707 a
407 1657 580 1726 propinquis,
596 1655 631 1707 ad
642 1670 705 1705 eum
717 1660 867 1717 oratorem,

62 1725 112 1796 qui
123 1727 277 1793 principem
290 1727 320 1776 in
330 1726 443 1779 civitate
454 1725 712 1778 locum'obtinebet
743 1722 816 1775 hunc
825 1738 867 1775 se·

62 1797 146 1858 ctari,
167 1794 241 1847 hunc
250 1795 393 1863 prosequi,
415 1795 497 1847 buius
507 1793 636 1849 omnibus
648 1792 817 1857 dictionibus
825 1793 868 1842 in·

61 1871 184 1929 teresse,
201 1866 259 1915 sire
270 1866 299 1914 in
309 1864 430 1927 iudiciis,
454 1866 512 1917 sire
522 1866 551 1917 in
561 1862 759 1930 concionibus,
771 1860 870 1911 adsue

61 1936 173 1999 scebat,
199 1935 242 1995 ita
255 1940 287 1985 ut
302 1935 499 1987 altercationes
515 1947 624 2001 quoque
630 1931 765 1998 excipere
775 1934 806 1982 et
813 1931 869 1981 iur·

62 2004 118 2072 giis
128 2006 274 2066 interesse,
290 2009 375 2071 utque
386 2005 427 2055 sic
437 2002 565 2067 dixerim,
585 2016 711 2067 pugnare
720 2002 749 2051 in
759 1998 869 2067 proelio

63 2072 197 2125 disceret.
223 2088 342 2140 magnus
351 2088 387 2125 ex
396 2072 450 2124 lroc
460 2088 537 2135 usus,
554 2070 672 2122 multum
682 2069 868 2129 constantiae,
901 2104 903 2107 -

62 2140 216 2210 plurimum
229 2141 326 2191 iudicii
339 2142 484 2194 iuvenibus
499 2141 595 2198 statim
616 2140 809 2205 contingebat,
838 2138 868 2186 in

62 2209 160 2263 media
168 2208 230 2261 lum
240 2208 427 2271 studentibus,
445 2216 530 2276 atque
541 2210 616 2260 inter
626 2210 688 2276 ipsa
698 2206 869 2265 discrimina,

64 2278 115 2332 ubi
130 2292 214 2330 nemo
229 2278 334 2343 inpune
349 2278 436 2329 stulto
450 2278 557 2345 aliquid
571 2284 621 2329 aut
635 2277 775 2329 contrarie
791 2272 868 2335 dicit,

66 2346 225 2416 quominus
236 2352 266 2398 et
273 2346 359 2397 ludex
368 2343 521 2411 respuitet
530 2346 706 2401 adversarius
712 2344 871 2410 exprobret,

65 2418 121 2485 ipsi
132 2416 251 2482 denique
262 2414 391 2468 advocati
400 2416 613 2482 adspernentur.
640 2416 731 2481 igitur
740 2426 807 2465 vera
817 2415 870 2461 sta-

66 2488 119 2538 tim
125 2493 158 2540 et
166 2487 334 2552 inconrupta
342 2485 504 2553 eloquentia
513 2485 710 2536 inbuebantur:
728 2487 765 2545 et,
777 2494 870 2547 quam·

15 2614 17 2616 ³
66 2570 151 2628 quam
160 2568 247 2605 unum
257 2561 463 2622 sequerentur,
480 2560 575 2605 tamen
586 2568 681 2605 omnes
693 2550 816 2606 eiusdem
827 2562 871 2601 ae·

66 2626 136 2678 tatis
145 2628 280 2693 patrorms
289 2624 320 2683 in
329 2624 456 2714 plurimis
467 2628 496 2679 et
506 2623 614 2675 caussis
620 2622 764 2676 etiudiciis
771 2632 871 2691 cogno·
