2034 3025
137 71 189 127 sse
259 43 483 159 an'nnnrrn
507 72 551 141 [A.
561 74 593 129 v.
603 77 663 132 as.
682 22 755 127 sc.
767 54 821 143 aa]
850 132 861 155 ff

96 197 99 202 ·
184 180 287 234 XLVI.
304 180 358 232 Per
370 180 446 248 idem
460 185 571 249 tempus
585 182 758 249 gladiatores
774 182 847 249 apud
861 187 947 251 oppi-

134 251 201 303 dum
210 249 379 311 Praeneste,
401 254 514 301 tentata
524 252 686 317 eruptione,
715 251 857 317 praesidio
867 254 946 303 rnili-

133 322 189 384 tis,
216 319 264 386 qui
274 323 368 369 custos
379 317 492 381 aderat,
520 321 636 370 coerciti
646 324 723 371 sunt:
754 322 811 373 iarn
823 320 945 387 Sparta-

134 404 196 442 cam
205 396 233 439 et
241 394 334 439 cetera
343 387 416 438 malo
425 388 586 439 rumoribus
596 388 707 440 ferente
720 389 834 457 populo,
853 395 946 441 utest

134 472 270 510 novarum
294 470 390 508 rerum
413 457 528 521 cupiens
553 456 733 525 pavidusque.
768 457 827 510 Nee
845 459 942 511 multo

61 577 66 590 ‚
89 564 91 572 .
157 533 203 579 ost
213 525 307 577 clades
317 524 360 575 rei
371 525 478 575 navalis
489 524 637 592 accipitur:
657 541 715 577 non
724 525 813 579 bello:
833 528 941 595 quippe

99 606 101 618 “
134 543 291 649 Kaudalies
306 600 364 645 tam
374 594 483 645 inmota
492 608 560 659 pax:
592 595 642 646 sed
656 599 764 647 certum
775 595 811 647 ad
821 596 899 647 diem
909 596 942 650 ὄπ

95 728 98 731 ⁴
136 662 312 730 Campaniam
321 662 410 715 redire
419 663 530 714 classem
540 662 616 715 Nero
626 665 764 727 iusserat,
788 679 942 717 nonexce-

133 732 296 803 ptis‘maris
310 732 429 783 casibus.
465 733 542 799 Ergo
557 732 781 799 gubernatores,
810 735 940 801 quamvis

133 801 278 855 saeviente
288 800 404 867 pelago,
427 799 712 853 aFormiismoverer
736 805 765 853 et
774 803 855 869 gravi
864 802 942 854 nni-

133 868 177 933 co,
188 870 253 921 dum
262 870 486 935 promontorium
491 868 598 921 Miseni
608 884 743 937 superare
749 871 939 936 contendunt,

134 940 265 991 Cumanis
274 939 420 989 littoribus
431 939 550 1005 inpasti,
574 938 733 990 triremium
743 939 939 1008 plerasqueet

132 1010 243 1061 minora
252 1008 366 1074 navigia
374 1008 479 1075 passim
489 1008 652 1059 amiserunt.
686 1050 689 1055 .
924 1056 926 1059 .

183 1076 296 1130 XLVII.
316 1076 386 1127 Fine
397 1077 463 1126 anni
472 1076 624 1143 vulgantur
635 1076 779 1145 prodigia,
797 1077 938 1130 inminen-

131 1143 204 1197 tium
214 1146 351 1197 malorum
362 1146 469 1204 nuntia
504 1144 553 1196 Vis
569 1144 712 1211 fulgurum
728 1160 786 1197 non
796 1146 866 1197 alias
876 1162 937 1199 erc·

130 1215 256 1278 brior,et
270 1214 348 1265 sidus
364 1218 500 1277 cometes,
532 1215 670 1281 sanguine
690 1215 804 1265 inlustri
824 1230 937 1281 semper

131 1283 240 1339 Neroni
259 1282 409 1347 expiatum.
454 1282 590 1351 Bicipites
615 1279 759 1335 bominum
779 1284 933 1337 aliorumve

39 1352 42 1355 ’
131 1352 292 1407 animalium
302 1356 400 1417 partus
411 1351 516 1403 abiecti
526 1352 555 1402 in
566 1351 720 1418 publicum,
750 1353 839 1404 autin
850 1356 935 1404 sacri·
969 1349 971 1361 '

129 1422 218 1487 ficiis,
242 1421 347 1489 quibus
367 1420 497 1488 gravidas
516 1419 626 1473 hostias
647 1422 784 1475 inmolare
799 1438 860 1477 mos
879 1428 934 1487 est,

130 1478 247 1560 reperti
282 1490 321 1543 Et
331 1491 360 1542 in
371 1505 440 1558 agro
450 1490 632 1556 Placentino,
651 1494 725 1545 viam
736 1498 867 1561 propter,
886 1508 934 1544 na·

129 1568 177 1614 tus
196 1560 315 1623 vitulus,
343 1561 387 1612 cui
403 1567 487 1628 caput
506 1563 536 1618 in
552 1576 632 1612 crure
653 1568 737 1615 esset.
773 1560 933 1632 Secutaquc

129 1629 934 1698 Haruspicuminterpretatio:pararireranrbumonarum

129 1699 312 1766 aliodcopct:
340 1697 660 1772 sednonforeaolidom,
687 1702 934 1764 neqce'oecoltamf

80 1808 82 1812 ψ
129 1767 194 1838 quia
203 1768 233 1820 in
243 1776 320 1820 atero
329 1782 488 1835 repressum,
507 1775 559 1819 aut
566 1765 621 1816 iter
630 1765 712 1817 iaxta
722 1765 823 1816 editum
833 1765 880 1817 sit.

180 1836 309 1892 XLVIII.
327 1837 431 1889 Ineunt
444 1834 547 1888 deinde
565 1833 748 1884 consulatum
762 1830 848 1882 Silius
862 1833 933 1887 Ner.

87 1929 89 1934 ·
105 1927 108 1935 ⁴
128 1922 164 1959 aa
174 1914 204 1959 et
212 1908 321 1958 Atticus
331 1906 482 1969 Vestinus,
510 1907 612 1968 coepta
626 1902 710 1953 simul
725 1908 754 1954 et
769 1905 852 1954 aucta
869 1919 933 1956 con·

128 1977 287 2038 iuratione,
315 1975 345 2024 in
356 1989 438 2042 qnam
449 1973 579 2025 certatim
589 1971 704 2024 nomina
716 1970 864 2037 dederant,
884 1972 930 2026 Se·

130 2051 263 2108 natones,
286 2044 396 2111 Eques,
418 2041 510 2105 miles,
533 2038 767 2104 feminaeetiam‚
790 2055 853 2093 cum
864 2043 927 2096 odio

129 2113 266 2175 Neronis,
295 2111 467 2180 tumkfavore
481 2111 510 2160 in
523 2108 551 2160 0.
563 2108 704 2162 Pisonem.
738 2111 766 2163 Is
778 2111 927 2178 Calpurnio

129 2197 235 2252 genere
246 2185 337 2244 ortus,
356 2179 502 2232 acmnltas
512 2179 695 2248 insignesque
706 2177 827 2233 familias
838 2187 927 2246 pater·

128 2268 166 2303 na
176 2250 324 2302 nobilitate
333 2249 504 2315 complexus,
524 2249 599 2302 claro
610 2249 684 2317 apud
693 2251 805 2318 vulgum
816 2263 927 2301 rumore

128 2327 205 2383 erat,
233 2333 285 2386 per
294 2318 444 2383 virtutem,
469 2317 930 2388 autspeciesvirtutibussimiles.

126 2388 254 2456 Namque
264 2387 424 2440 facundiam
438 2389 553 2440 tuendis
564 2388 671 2440 civibus
682 2389 845 2450 exercebat,
874 2388 925 2438 lar·

40 2460 45 2464 ⁴
126 2459 265 2526 gitionem
281 2457 544 2523 adversusamicos‚
574 2463 603 2510 et
613 2458 720 2525 ignotis
736 2470 846 2526 quoque
856 2454 926 2508 cond

126 2529 259 2581 sermone
283 2532 313 2580 ct
339 2543 501 2598 eorrgressu.
547 2526 672 2579 Aderant
696 2528 780 2579 etiam
801 2525 925 2588 fortuita,

72 2670 75 2674 A
126 2609 400 2668 commoraremur,
420 2595 628 2652 decorafacies.
664 2595 720 2651 Sed
730 2594 827 2666 procul
836 2593 924 2663 gravi·
