2034 3025
139 113 191 168 308
262 107 828 184 ANNALIVM[A.V.812.A.c;59.]
926 112 931 116 ’

138 232 203 271 rum
216 217 378 283 legationes,
398 231 466 283 quas
481 216 604 267 diversas
618 217 693 268 ordo'
701 216 835 283 plebsque
850 218 888 269 ad
899 219 949 272 Se·

138 286 393 340 natunrmiserant:
410 286 451 335 illi
469 283 524 336 einr
544 283 735 348 multitudinis,
756 283 785 335 bi
798 286 949 355 magistra·

93 381 95 384 ·
139 364 218 407 tuum
227 363 254 406 et
260 354 346 421 primi
355 354 484 420 cuiusque
493 352 643 405 auaritiam
653 354 836 420 increpantes.
865 355 949 407 Cum-

69 433 72 442 *
83 487 86 494 ,
139 439 196 492 que
205 423 314 486 seditio,
327 423 362 473 ad
373 438 449 485 saxa,
458 422 494 474 nd
504 423 593 474 minas
603 425 708 491 ignium
719 430 880 491 progressa,
887 464 890 471 n
898 437 946 476 ne·

138 509 199 546 cem
211 499 240 545 et
249 507 327 544 arma
341 491 502 558 perliceret,
522 492 551 542 0.
563 493 673 543 Cassius
688 491 844 544 adhibendo
855 507 942 545 reme-

66 577 71 586 *
139 564 186 616 dio
197 563 330 614 delectus.
349 563 415 628 quia
434 562 611 612 severitatem
625 562 685 611 eius
701 575 757 612 non
771 562 944 625 tolerabant,

137 635 271 700 precante
282 631 352 696 ipso,
362 628 564 684 adSerlbonios
576 630 678 681 iratres
689 644 723 682 ea
734 643 802 681 cura
810 631 946 682 transier-

137 709 195 764 tur,
209 701 276 751 data
285 697 400 750 cohorte
411 698 568 750 Praetoria:
588 701 666 749 cuius
677 698 795 761 terrore,
805 704 834 750 et
843 712 946 767 pauco·

137 783 201 821 rum
211 766 353 834 supplicio,
370 767 455 819 rediit
464 769 610 834 oppidanis
621 769 778 819 concordia.
911 767 914 770 ’
982 820 987 826 ,

190 837 290 889 XLlX.
310 836 373 888 Non
382 835 519 890 referrem
528 832 747 904 vulgatissimum
758 836 945 890 senatuscon-

138 906 252 968 sulturn,
267 920 321 974 quo
331 905 441 958 'ciuitati
451 905 683 976 Syrnmoanorum
693 906 787 976 egredi
795 921 945 969 nanterum,

138 974 260 1040 edendis,
267 974 469 1043 gladiatoribus
485 975 615 1046 finitum,
637 975 865 1043 permittebatur:
891 979 945 1027 nisi

137 1043 243 1096 Paetus
254 1043 380 1096 Thrasea
390 1050 490 1096 contra
504 1046 628 1108 dixisset,
648 1045 877 1112 praebuissetque
887 1057 945 1096 ma·

136 1115 241 1166 teriem
254 1113 490 1166 obtrectatoribus
511 1115 670 1182 arguendae
687 1116 857 1165 sententiani
886 1111 946 1164 Cur

138 1181 218 1246 enim,
226 1182 252 1234 si
261 1180 355 1250 Remp.
367 1200 445 1252 egere
455 1183 582 1235 libertate
594 1182 739 1235 Senatorio
748 1183 874 1242 crederet,
884 1189 944 1231 tans

137 1250 208 1303 levia
218 1253 440 1305 conmutantur?
457 1252 523 1321 puin
537 1253 568 1304 de
584 1251 664 1313 bello,
680 1258 730 1302 aet
737 1266 812 1318 pace,
823 1248 944 1300 derecti-

135 1319 246 1388 gaulus
262 1329 289 1372 et
304 1319 418 1390 legibus,
436 1321 583 1390 quibusque
595 1320 659 1371 aliis
669 1317 795 1372 Romana
809 1318 945 1371 continen-

139 1397 196 1454 tur,
213 1389 340 1442 suaderet
349 1390 564 1442 dissuaderem?
581 1388 678 1442 Licere
686 1386 811 1455 patribus
822 1385 946 1454 quotiens

137 1457 182 1510 ius
193 1458 477 1517 dicenduesententiae
487 1458 664 1529 accepissent,
686 1475 755 1528 quae
768 1459 880 1520 retient,
902 1471 946 1507 ex·

134 1544 260 1597 promere
278 1528 488 1599 relationemque
506 1530 538 1582 in
557 1546 588 1582 en
606 1532 758 1598 postulare.
797 1526 945 1580 Auratum

139 1598 324 1651 emendatione
333 1598 459 1667 dignum,
477 1615 510 1651 ne
522 1598 665 1668 Syracusis
674 1599 829 1665 spectacula
838 1594 945 1677 largius

138 1666 302 1720 ederentur?
317 1676 409 1720 cetera
425 1684 477 1735 per
492 1684 580 1721 omnes
590 1661 705 1735 imperii
718 1658 814 1733 purnes
831 1664 946 1730 persnde

140 1736 268 1805 egregia,
287 1751 367 1803 quom
382 1736 407 1789 si
415 1753 468 1788 non
479 1733 564 1797 Nero,
584 1736 631 1785 sed
641 1730 947 1800 Thrasearegimen‘eo·

57 1861 63 1871 .
138 1818 203 1857 ram
220 1804 343 1856 teneret?
363 1803 483 1867 Quodsi
500 1818 605 1853 summa
625 1800 836 1852 dissimulatione
856 1807 947 1853 trans·

139 1873 330 1934 mitterentur,
358 1880 459 1941 quomo
484 1870 572 1939 ruagis
590 1870 716 1921 inanibus
737 1868 946 1920 alsfinendum?

138 1940 266 1994 Thrasea
286 1946 391 2004 contra,
411 1941 549 1991 rationem
569 1940 745 2004 poscentibus
765 1940 874 2000 amicis,
892 1954 946 1991 non

135 2009 321 2079 praesentimn
331 2009 468 2077 iarnarum,
478 2007 675 2071 respondebat,
684 2006 816 2059 eiusmodi·
823 2010 946 2061 consultu

140 2077 297 2147 corrigere,·
314 2078 362 2128 sed
370 2077 489 2128 Patruus
507 2074 606 2129 tmort
626 2060 708 2129 iare.-
724 2085 757 2128 ut
770 2077 946 2149 manifestum

133 2147 232 2217 fieret,
250 2160 413 2215 magnorum
432 2159 525 2196 rerum
537 2160 633 2197 euram
645 2163 702 2199 non
718 2145 946 2208 dissimulaturos,

139 2215 188 2285 poi
197 2213 317 2267 animum
326 2214 409 2266 etiarn
423 2212 563 2266 leuissimis
574 2215 754 2268 adverterent.

192 2285 226 2336 L.
249 2283 355 2335 Eodem
374 2298 456 2347 anno,
475 2284 581 2336 crebris
594 2286 697 2352 populi
717 2284 944 2353 flagitationibus,

138 2352 334 2407 inmodestiam
345 2353 556 2420 publicanorum
567 2357 724 2422 arguentis,
745 2355 882 2406 dubitarit
893 2354 945 2405 Ne·

140 2438 182 2487 ro,
196 2438 233 2475 an
243 2423 341 2476 cuncto
351 2421 497 2492 uectigalia
507 2422 719 2486 omittiiuleret,
739 2422 817 2491 idque
823 2421 946 2489 pulcher·

138 2492 344 2547 rimum.donurn
355 2491 452 2562 generi
465 2491 623 2552 mortalium
632 2494 718 2545 daret.
755 2492 809 2545 Sed
817 2490 944 2558 inpetum

140 2565 208 2627 eius,
228 2563 345 2616 multum
357 2562 557 2629 priuslaudata
566 2562 754 2634 magnitudine
764 2560 857 2625 animi,
873 2560 941 2612 adti·

140 2648 226 2687 nuere
242 2633 398 2698 Senatores,
420 2632 619 2687 dissolutionem
638 2630 751 2703 Imperii
769 2630 901 2693 domnio,
919 2635 943 2681 ss·
