2034 3025
159 143 210 200 iae
296 142 523 198 ANNALIVM
544 142 589 212 [A.
599 142 632 197 V.
644 143 701 212 785.
712 142 751 195 -Α,
762 141 792 194 G.
803 131 858 210 322]

101 301 104 304 .
155 252 249 322 glorie
259 252 355 308 relicta
366 259 414 302 ert.
451 245 610 316 Spectatum
614 265 713 316 porro,
733 264 801 315 quoe
814 265 907 305 corone
916 250 966 302 ou-

158 323 269 384 ltentut,
289 322 333 374 cui
342 339 375 374 ex
386 330 412 372 te
423 336 491 387 oper,
511 319 631 382 lionoreo,
652 319 712 385 qzeis
718 318 840 386 plurimo
850 318 966 371 iuvandi

158 392 300 460 nocendive
306 389 448 458 potentie.-
466 404 537 454 quoe
549 387 648 441 Seioreo
653 389 753 459 feriere,
761 406 840 453 nemo
850 403 966 457 negave-

157 463 206 515 rit.
225 461 328 514 obditos
341 457 479 524 Principis
494 474 597 520 senens,
617 466 645 511 et
658 457 682 508 ei
697 458 762 523 quid
773 458 904 511 occultius
911 471 963 524 pa·

83 528 85 534 ’
145 540 211 596 rut,
226 531 374 598 exquirere,
384 526 534 590 inlicitum,
548 541 659 594 anceps.-
677 527 793 580 necirieo
805 529 962 592 adaequare.

155 601 205 664 Ne,
222 599 256 651 P.
270 599 299 650 0.
310 597 433 650 ultimum
446 597 540 650 Seiani
550 598 628 660 dures,
648 597 695 648 oeol
703 597 815 649 sedecim
824 612 910 649 annos
921 612 965 648 co·

153 668 320 739 giraveritio.
344 668 427 721 etium
439 667 563 720 Satrium
572 675 653 732 utque
664 666 843 733 Pomponium
852 683 963 719 venero·

156 741 267 790 runnu.-
286 737 390 789 lilerto's
405 753 550 803 quoquere
565 735 728 788 ianitoribus
743 736 799 788 eiua
813 744 963 798 notescere,

149 825 204 877 pro
220 806 363 875 rreegnifico
379 806 571 874 accipiebatur.
597 803 685 868 ‘Quid
699 807 781 873 ergo?
799 805 964 867 indistincto

155 877 221 930 leuce
232 873 351 996 ipserum
368 884 395 927 et
410 876 567 944 proretiscuu
581 875 709 926 deinter?
726 875 898 927 loerreoiustir
909 884 963 927 ter·

155 945 237 998 urinis
269 945 397 998 initietur.
424 945 539 998 insidiae
553 944 583 996 in
595 943 737 1011 Reirrpubl.
748 943 861 997 consiliu
871 944 964 996 caedis

154 1015 297 1067 aduersum
307 1014 510 1082 Imperatorem,
516 1015 686 1082 punientur:
706 1014 737 1066 rie
747 1013 871 1066 concitis
882 1022 912 1065 et
921 1013 964 1084 osy

148 1083 236 1154 ficiis,
246 1083 391 1153 idenefinit
398 1094 425 1136 et
437 1081 472 1148 te,¹
483 1082 597 1148 Caesar,
607 1093 635 1137 et
644 1100 691 1137 not
701 1083 855 1136 olsoloerit.
981 1103 985 1111 ·

216 1155 264 1205 lX.
285 1155 446 1206 Constantia
456 1149 602 1214 orationis,
618 1159 660 1217 et,
680 1156 881 1221 quiarepertus
892 1153 963 1215 erat,

156 1225 203 1292 qui
215 1221 340 1286 efferret,
361 1239 431 1290 quac
443 1238 539 1275 omnes
549 1225 640 1275 animo
652 1220 809 1290 agitabant,
829 1238 863 1274 eo
873 1238 963 1290 usque

155 1297 327 1361 potueruut
336 1297 512 1344 accusatores
523 1295 590 1353 eius,
610 1293 720 1354 additis,
737 1307 807 1361 quae
819 1297 883 1344 ante
895 1292 963 1344 deli·

158 1367 285 1431 querant,
296 1363 393 1412 exsilio
405 1368 453 1412 aut
465 1369 553 1413 morte
564 1362 758 1413 multarentur.
787 1361 907 1414 Secutae
917 1361 963 1413 de·

156 1431 222 1484 hinc
232 1433 339 1484 Tiberii
353 1431 465 1483 litterae
473 1433 505 1482 in
518 1430 582 1484 Sex.
592 1431 757 1494 Vertillum,
778 1431 964 1491 Praetorium,

158 1518 254 1573 quem,
274 1502 367 1555 Druso
388 1501 470 1565 fratri
490 1517 649 1569 percarum,
673 1503 701 1552 in
721 1499 864 1554 cohortem
883 1516 963 1552 suam

157 1570 349 1624 transtulerat.
361 1587 458 1625 caussa
468 1572 626 1624 offensionis
634 1571 748 1623 Vestilio
760 1570 822 1634 fuit,
832 1587 882 1623 seu
890 1585 964 1624 com·

72 1660 77 1683 2
157 1648 290 1709 posuerat
301 1642 436 1709 quaedam
447 1645 475 1693 in
487 1643 516 1691 C.
528 1644 683 1702 Caesarem,
697 1646 729 1691 ut
744 1641 913 1706 inpudicum,
929 1640 965 1689 si-

157 1724 194 1762 ve
206 1714 271 1761 licto
282 1710 378 1762 habita
393 1710 470 1761 tides.
498 1716 582 1777 atque
598 1710 632 1761 ob
647 1710 675 1760 id
691 1710 818 1761 convictu
829 1708 966 1775 Principis

159 1778 325 1845 prohibitus,
339 1794 402 1830 cum
413 1780 493 1830 senili
505 1794 589 1829 manu
599 1777 702 1829 ferrum
713 1780 885 1843 tentavisset,
896 1778 966 1829 obli·

158 1848 339 1915 gavitvenasc
351 1854 535 1915 precatusque
545 1863 594 1914 per
605 1847 756 1909 codicillos,
767 1849 858 1899 inmiti
867 1848 966 1899 reseri-

152 1924 219 1984 pte,
235 1932 319 1969 venas
334 1916 456 1967 resolvit.
491 1918 646 1969 Aceruntim
657 1932 693 1968 ex
704 1932 736 1968 eo
746 1917 853 1967 Annius
863 1914 968 1978 Pollia,

152 1988 263 2051 ,Appius
279 1985 399 2048 Silanus,
419 1982 524 2035 Scauro
541 1987 683 2037 Mamerco
704 1986 788 2036 siniul
808 2002 841 2038 ac
861 1984 967 2037 Sabino

160 2054 291 2121 Calvisio,
312 2054 463 2105 maiestatis
477 2041 668 2120 postulantur,
688 2060 717 2108 et
727 2056 818 2108 Vinici
878 2052 968 2106 sPol-

157 2122 228 2175 lioni
239 2125 311 2191 patri
323 2122 513 2186 adiiciebatur,
533 2124 601 2175 elari
615 2140 711 2192 genus,
732 2130 761 2176 et
770 2071 969 2255 quiri&

158 2195 211 2244 mis
223 2192 382 2244 honoribus.
401 2199 680 2262 contremuerantque
690 2194 801 2246 Patres:
822 2210 921 2267 namq,

157 2270 204 2315 tus
224 2265 340 2332 quisque
361 2263 513 2314 adfinitatis
529 2269 578 2314 aut
591 2266 731 2316 aniicitiae
747 2269 791 2315 tot
805 2264 968 2334 inlustrium

157 2334 280 2383 virorum
292 2348 389 2398 expers
398 2330 476 2385 erati
487 2335 514 2383 ni
523 2334 631 2397 Celsus,
643 2334 763 2385 urbanae
773 2332 895 2394 cohortis
901 2334 970 2385 Tri·

55 2418 81 2465 χ
119 2399 121 2405 ’
156 2400 973 2468 liunus,tuminterindices,.tppiumetCalrisiumdiscri·

157 2471 225 2521 mini
238 2472 394 2523 exemisset.
431 2471 534 2522 Caesar
544 2471 678 2523 Pollionis
690 2489 722 2524 ac
733 2472 868 2525 Viniciani
880 2471 934 2523 Sea

156 2540 235 2607 rique
246 2555 382 2603 cannam,
396 2545 428 2591 ut
437 2540 496 2607 ipse
507 2554 569 2592 eum
581 2538 686 2593 Seriatu
696 2548 832 2606 nosceret,
843 2541 884 2593 dis
931 2542 938 2555 ’

158 2606 230 2660 datis
241 2610 403 2676 quibusdam
414 2611 442 2659 in
454 2610 589 2661 Scaurum
598 2612 724 2661 tristibus
739 2613 821 2664 notis.

216 2676 251 2732 X.
270 2678 310 2733 Ne
321 2678 440 2733 feminae
452 2679 563 2749 quidem
574 2686 698 2735 enortes
707 2682 831 2749 periculi.
850 2694 907 2751 qua
