2034 3025
149 82 486 153 mulionesnon„
507 86 551 153 [A.
561 90 795 163 v.823.n.c.70.]
837 95 887 151 103

78 190 186 257 lllyrici
198 190 335 241 exercitus
346 191 449 254 studiu,
456 196 619 259 transgressi
629 197 657 247 in
667 202 769 261 partes.
788 202 885 254 Tertia

79 258 153 325 legio
165 258 318 323 exemplum
330 261 430 311 ceteris
445 260 572 313 Moesiae
583 262 737 331 legionibus
747 270 885 333 praebuit.

82 330 187 380 Octava
205 332 267 378 erat
286 342 317 378 ac
335 331 453 396 septima
472 330 633 395 Claudiana,
654 336 768 389 inbutae
790 336 885 392 favore

83 396 209 458 Othonis,
221 398 343 463 quanvis
355 399 461 464 proelio
473 415 528 462 non
538 402 738 457 interfuissent.
775 407 884 475 Aquile-
929 472 930 475 Ἴ

80 468 137 517 iam
146 481 321 533 progressae,
340 468 527 533 proturbatis,
547 473 593 538 qui
610 473 644 523 de
653 473 765 527 Othone
775 478 884 528 nuntia·

80 534 158 598 bant,
168 536 350 603 laceratisque
361 538 477 600 vexillis,
495 539 885 610 nomenVitelliipraefereu-
943 549 948 564 ¹

81 606 165 667 tibus,
184 611 411 669 raptapostremo
422 598 585 681 pecunia‘et
595 612 708 665 interne
720 614 816 677 divisa,
836 614 884 685 lpo-

63 703 66 709 ·
80 668 184 725 stiliter
194 678 318 739 egerant,
349 676 429 727 Vnde
440 677 542 746 metus,
554 686 584 731 et
594 696 629 733 ex
639 688 715 733 metu
725 684 884 754 consilium:

76 736 158 811 posse
167 740 292 809 inputari
306 736 479 810 Vespasiano,
492 749 561 812 quoe
571 751 645 816 apud
660 750 798 806 Vitellium
807 770 886 806 excu-

80 812 166 863 sanda
178 820 265 863 erant.
300 812 340 866 ln
353 820 411 865 tres
425 806 567 874 Moesicae
583 819 707 887 legiones
723 837 773 887 per
784 825 885 889 episto·
942 826 945 837 “

80 881 125 934 las
135 881 304 931 adliciebant
314 881 497 935 Pannonicum
513 890 676 951 exercitum,
691 898 740 941 aut
750 893 883 945 abnuenti

55 976 58 982 ·
79 951 135 1001 vim
146 951 290 1017 parabant
315 950 342 1001 lc
353 967 387 1003 eo
397 960 474 1005 motu
484 955 607 1022 Aponius
618 958 796 1025 Saturninus,
807 963 884 1017 Moe-
909 1004 910 1008 ,
986 948 988 951 ¹

79 1021 140 1071 siae
150 1026 253 1083 rector,
262 1019 407 1086 pessinum
418 1022 527 1075 fucinus
537 1027 632 1090 audet,
644 1029 727 1081 missu
739 1031 883 1084 Centurio·

79 1105 116 1141 ne
127 1089 161 1139 ad
173 1089 390 1150 interficiendam
401 1093 528 1144 Tertium
540 1094 685 1159 lulianum,
700 1100 834 1164 septimae
845 1100 883 1153 le·
981 1152 984 1159 ,

78 1158 171 1225 gionis
181 1159 329 1225 Legatum,
345 1160 378 1219 ¹ob
388 1161 559 1226 simultates„
573 1166 671 1232 quibus
686 1172 811 1219 caussam
822 1185 883 1235 par·

79 1229 151 1280 tium
162 1226 364 1293 praetendebat
399 1230 537 1296 lulianus,
557 1240 700 1301 comperto
714 1236 882 1303 discrimine,

77 1302 111 1362 ¹et
129 1298 224 1363 gnaris
244 1295 365 1357 locorum
381 1299 504 1365 adscitis,
522 1315 571 1368 per
592 1306 654 1355 avia
664 1304 798 1370 Moesiae,
807 1308 883 1361 ultra

79 1370 203 1419 muntem
219 1366 502 1436 Haemumiprofugit.
538 1387 589 1423 nec
604 1372 705 1425 deinde
716 1375 790 1427 cirili
804 1376 881 1428 bello

78 1431 222 1495 interfuit,
243 1448 292 1498 per
303 1434 387 1494 varias
401 1452 495 1488 moras
510 1448 667 1506 susceptum
683 1443 719 1494 ad
734 1444 880 1512 Vespasia·

78 1517 146 1562 num
166 1502 221 1552 iter
240 1500 457 1574 trahens,··et2ex
470 1509 576 1562 nuntiis
592 1512 811 1579 cunctabundus,
831 1521 881 1567 aut

79 1586 245 1642 properans.
797 1591 798 1594 ’

54 1637 58 1646 ’
133 1639 287 1693 LXXXVI.
322 1638 358 1700 dt
376 1638 404 1701 in
416 1642 561 1697 Pannonia
579 1641 657 1700 Xlll.¹
673 1649 747 1718 legio
766 1665 798 1702 ac
816 1643 878 1706 Vll.

80 1709 364 1773 Galbiana'dolorem
377 1708 494 1780 iranque
507 1714 703 1770 Bedriacensis
718 1734 826 1788 pugnae
836 1737 880 1775 re·

79 1783 214 1843 tinentes,
234 1776 310 1828 haud
323 1782 479 1834 cunctanter
492 1785 665 1850 Vespasiano
681 1803 830 1853 accessero,
851 1792 877 1842 ri

79 1847 327 1918 Praecipuapl'imi
342 1845 458 1904 Antoni.
493 1852 521 1904 ls
536 1853 644 1920 legibus
659 1872 761 1909 nocens
772 1866 801 1910 et
809 1867 878 1912 tem·

100 1933 149 1969 ore
159 1917 279 1978 Neronis
300 1913 365 1965 falsi
385 1915 615 1985 damnatusinter
636 1926 692 1976 alia
711 1927 785 1978 belli
794 1930 877 1994 mala,

79 1933 258 2040 genatorium
279 1984 403 2036 ordinem
424 1991 627 2058 reoperaverat.
664 1995 840 2063 praepositus
860 2015 878 2052 a

13 2105 19 2113 Ι
80 2055 172 2108 Galba
180 2056 315 2120 septimae
325 2052 444 2120 legioni,
459 2062 621 2128 scriptitasse
632 2063 734 2116 Othoni
746 2067 876 2122 medeba·
931 2098 933 2103 .

78 2131 137 2185 tur,
147 2122 253 2173 Ducem
263 2136 293 2172 se
303 2123 429 2186 partibus
440 2121 563 2184 offeens:
584 2147 600 2183 a
610 2149 664 2200 quo
674 2135 832 2204 neglectus,
846 2139 876 2188 in
910 2175 912 2180 -

78 2191 159 2246 nullo
166 2189 321 2242 Othoniani
331 2191 396 2242 belli
406 2207 459 2242 usu
470 2190 523 2253 fui,
550 2199 708 2255 labantibus
720 2205 822 2256 vitenti
834 2221 876 2258 re.

78 2261 142 2324 bus,
161 2258 359 2332 Vespasianum
371 2264 491 2338 secutus,
510 2270 605 2328 gande
619 2277 789 2325 momentum
800 2273 876 2324 addi·

83 2331 139 2394 dit3
158 2336 391 2388 strenuusmanu,
409 2343 694 2406 sermonenromptus‚
709 2342 880 2397 mendacii„

3 2410 6 2417 ·
85 2398 286 2471 aliusinvidiae
304 2395 418 2462 artifex,
438 2397 573 2458 discordis
593 2415 622 2462 et
640 2409 880 2480 seditionibuspu.
943 2411 944 2414 ’

83 2475 157 2546 tens,
167 2474 272 2536 raptor,
281 2466 414 2549 largitor,
423 2470 640 2550 pacepessiuus,
650 2479 725 2531 bello
739 2496 793 2532 non
804 2495 880 2548 sper-

4 2530 11 2594 ;’
121 2540 202 2590 ndus.
238 2539 327 2589 lunctr
337 2537 401 2588 rude
411 2537 528 2589 Moesum
539 2553 571 2588 ac
580 2538 720 2602 lannonicj
732 2551 881 2614 exercitu„

6 2624 8 2633 ·
82 2555 274 2970 Ἲαῐίουι
284 2607 399 2663 militem
411 2612 538 2672 narare,
556 2623 708 2688 qumquam
721 2619 878 2672 consulari·
914 2631 917 2636 ·
