2034 3025
28 2842 61 2934 j-

74 78 635 169 raaxv.centenariae,
659 101 795 169 nasa]
815 100 871 162 ssi,

55 200 251 265 sequentibus.
278 198 357 259 Nam,
377 212 439 247 eum
450 210 543 257 secum
553 197 662 248 servilis
672 198 779 246 aruimus
790 210 866 261 prae·

54 272 120 321 mia
130 267 264 333 perfidiae
279 268 432 333 reputavit,
459 263 597 333 simulque
609 267 734 316 inmensa
751 268 867 330 pecunia

57 343 93 390 et
103 338 230 403 potentia
240 336 468 397 obversabantur,
484 336 568 385 cessit
579 334 621 385 fas
632 340 660 385 et
669 333 745 385 salae
755 337 867 399 patroni

57 412 92 459 et
101 402 231 473 aoeeptte
244 405 382 457 libertatis
398 405 538 455 memoria.
574 405 684 455 Etenim
695 404 790 455 uxoris
802 416 867 470 quo·

58 490 118 546 qne
133 475 278 526 consilium
293 474 501 540 adsumpserat,
527 474 662 525 muliebre
682 488 714 524 aa
732 472 868 524 deterius.

57 548 165 613 quippe
178 546 253 596 ultro
264 550 369 595 metum
379 543 547 604 intentabat,
565 544 721 608 multasque
731 542 869 595 adstitisse

58 614 175 668 libertas
184 630 217 666 ae
227 629 331 676 servos,
349 612 396 680 pai
407 612 497 663 eadem
506 610 641 664 viderint.-
661 610 733 663 »suut
738 612 869 682 prefitia-

58 698 126 737 rum
134 683 215 735 unius
225 681 377 734 nitentium:
387 690 419 733 at
425 681 550 747 praemia
556 696 638 747 penes
649 681 811 752 unumsore,
822 680 870 749 qni

59 752 165 805 inditio
173 751 366 819 praevenisset.
747 782 749 795 ,
774 773 776 777 ‚

117 821 176 874 LV.
196 822 298 888 Igitur,
314 825 415 888 coepta
424 820 496 881 lnce,
509 816 642 871 Milichus
653 821 683 871 in
694 818 793 874 hortos
804 819 869 873 Ser·

60 891 185 943 villanos
195 891 302 956 pergit:
332 895 370 951 et,
390 904 452 939 oum
463 888 571 940 foribus
582 895 742 953 arceretur,
769 906 868 959 magna
916 936 923 950 ,

61 968 93 1011 et
104 958 211 1011 atrocia
221 958 333 1031 adferre
343 959 482 1018 dictitans,
499 956 691 1025 deductusque
701 959 734 1009 ab
745 961 871 1011 ianitori·

60 1030 117 1080 bus
128 1028 163 1079 ad
174 1027 304 1079 libertum
315 1026 448 1087 Neronis,
465 1024 695 1092 Epaphroditum,
713 1042 779 1079 mox
789 1030 823 1079 ab
835 1043 869 1081 eo

63 1098 101 1149 ad
112 1097 266 1159 Neronem,
292 1093 568 1165 urgenspers'ealum,
593 1097 869 1164 graneseoninratio·

65 1182 128 1230 nes,
146 1172 176 1218 et
183 1171 290 1229 cetera,
309 1163 804 1234 quaeaudierstoonieotareratque,
822 1168 870 1219 do·

64 1242 119 1287 cet.
150 1236 249 1288 Telum
263 1250 372 1302 quoque
382 1236 412 1285 in
422 1249 518 1285 necem
530 1235 590 1294 eius
600 1240 728 1300 paratum
739 1237 872 1300 ostendit,
885 1245 887 1249 ’

64 1306 205 1373 accirique
215 1317 294 1356 reum
302 1305 393 1355 iussit.
419 1305 553 1368 israptus
564 1317 613 1368 per
623 1304 727 1355 milites
738 1311 767 1356 et
777 1306 871 1357 deien-

64 1375 172 1427 sionem
184 1389 272 1436 orsus,
281 1374 408 1435 Ferrum,
417 1371 495 1425 euius
505 1380 680 1439 argueretur,
691 1372 754 1426 alim
764 1374 877 1443 religio·

64 1460 99 1497 ne
107 1442 204 1510 patria
214 1445 332 1506 animm,
351 1451 378 1494 et
385 1441 417 1493 t'n
425 1439 548 1493 eubiculo
559 1440 680 1494 nattum
690 1442 832 1514 aefiaude
841 1444 873 1496 le'·
941 1466 942 1469 ¹

66 1513 314 1582 bertisubreptnm,
331 1510 484 1578 respondit.
520 1508 639 1563 Tabulas
650 1512 807 1564 testamenti
816 1528 872 1565 sae·

61 1583 128 1652 pias
138 1600 156 1635 a
165 1600 200 1646 se,
211 1593 238 1635 et
248 1582 414 1636 incustodita
425 1580 528 1633 dierum
535 1577 727 1644 obseruatione,
738 1580 872 1650 signatas.
888 1613 889 1616 =
913 1583 917 1588 ’

65 1653 204 1706 Pecuniae
219 1660 247 1704 et
261 1652 402 1705 libertates
417 1649 502 1703 servis
518 1658 545 1702 et
554 1657 618 1716 ante
627 1649 694 1702 donn
706 1650 802 1716 datas,
826 1652 874 1704 sed

65 1723 126 1774 ideo
137 1723 203 1774 tnne'
211 1721 332 1791 largius,
355 1721 435 1787 quia,
458 1719 600 1774 tenatiam
610 1735 639 1772 re
663 1719 788 1773 amiliari'
796 1730 822 1773 et
832 1721 872 1774 in·

66 1792 203 1844 stantibus
213 1790 405 1855 creditoribus,
427 1798 588 1843 testamento
598 1787 626 1840 di
659 1790 741 1843 deret.
777 1790 872 1844 Enim·
941 1836 948 1848 ,

65 1877 130 1913 vero
145 1861 269 1912 liberales
282 1875 385 1926 semper
399 1862 493 1928 epulus
503 1858 636 1912 struxisse
651 1867 678 1912 et
691 1859 778 1914 vitam
788 1876 873 1913 amne·

66 1945 130 1982 nam
149 1939 177 1982 et
196 1929 273 1981 dume
287 1929 423 1980 indicibus
432 1945 533 1997 parum
549 1928 702 1996 probatam.
737 1929 873 1988 Fomenta
894 1955 901 1962 -1

66 1999 221 2052 vulneribus
231 1999 393 2051 nullatussu
403 2014 459 2062 suo,
477 1999 532 2062 sed,
549 1997 873 2068 quiareternpalamea·

66 2067 264 2130 naabisrisset,
287 2067 436 2138 adiungere
445 2069 560 2129 crimen,
578 2075 611 2121 ut
618 2084 674 2121 tete
680 2070 791 2138 pariter
803 2069 872 2122 indi·

66 2153 124 2192 eem
142 2145 175 2188 et·
189 2142 284 2190 testem
297 2137 423 2209 faceret:
452 2137 556 2189 Adiieit
575 2136 655 2190 dietis
675 2140 875 2194 constantiam·

65 2209 178 2260 incusat
188 2208 264 2258 ultro
273 2205 455 2259 intestabilem
465 2215 492 2258 et
501 2208 719 2274 consestenatum,
734 2214 815 2262 tanta
824 2222 872 2260 ro-

67 2279 109 2331 tis
123 2291 156 2328 an
170 2276 266 2328 vultus
281 2277 449 2338 securitate,
474 2280 508 2329 ut
521 2276 629 2330 labaret
643 2274 790 2342 indicium,
817 2278 872 2328 nisi

62 2344 226 2401 'Milichum‘
237 2359 310 2397 uxor
329 2345 536 2409 admonuisset,
574 2343 722 2401 Antonium
741 2346 873 2404 Natalem

66 2415 154 2468 m'ulta
173 2430 235 2466 eum
255 2412 367 2467 Saevino
386 2430 421 2468 ae
434 2411 537 2469 sec'rsto
553 2417 742 2482 renuentum,
777 2425 873 2470 etesse

65 2494 194 2550 utrasque
206 2481 236 2534 0.
247 2483 481 2536 Pisanisintimot.

117 2553 191 2606 LVl.
206 2555 285 2621 Erga
295 2555 401 2604 accitur
410 2553 534 2607 Natalis:
550 2559 579 2608 et
588 2555 691 2608 diversi
699 2555 874 2621 interrogem

66 2631 122 2690 tur,
135 2621 293 2694 puisnamis
303 2624 400 2691 inno,
419 2638 473 2694 itt
482 2624 515 2682 ds
525 2623 683 2698 refitisssti
700 2639 765 2679 oum
774 2626 874 2677 exorta
