2034 3025
125 127 466 201 manaseas-so.
502 129 791 200 [messiacus]
824 128 862 184 os

65 235 173 299 tionibus
193 248 375 303 progressum,
394 245 433 297 et,
448 243 541 301 prout
552 233 644 294 uelint,
659 236 722 300 plus
740 234 861 287 minusue

61 305 125 359 sunsei
135 321 170 358 eu
178 303 320 356 Fortuna.-
338 304 482 370 Imperium
492 303 659 370 cupicntibus
669 302 739 356 nihil
745 303 861 356 medium

62 376 128 428 inter
137 387 240 425 summa
251 382 278 424 et
284 373 458 440 praecipitia.

111 443 220 495 LXXV.
256 441 862 498 VersabaturanteoculosGermonicicxer-
957 438 959 441 ’

63 515 128 566 citus
137 513 230 574 robur,
248 517 345 562 notum
355 513 413 561 viro
423 512 549 562 militari:
580 511 650 563 Suas
660 510 777 582 legiones
788 511 863 563 cirili

62 581 123 634 iello
141 581 316 648 inexpertam
345 577 459 641 Vitellii,
475 579 616 633 uictrices.-
639 589 667 632 et
684 581 759 648 apud
776 581 861 633 uictos

57 653 118 722 plus
137 648 371 716 querimoniarum,
390 664 470 714 quum
489 650 597 702 oinium.
625 648 735 717 fluxam
744 666 794 717 per
809 649 861 701 dis-

62 717 163 773 cordias
173 716 387 788 militumfidcm,
405 727 432 769 et
439 717 590 784 periculum
600 735 633 770 ea
643 719 765 788 singulis.
790 718 864 782 Quid

63 787 129 845 enim
147 786 311 858 profuturos
330 785 451 838 cohortes
472 789 592 854 alasque,
610 787 634 838 si
652 804 721 840 nonus
740 789 862 854 alterque

58 855 193 926 praesenti
206 855 332 927 facinori
346 865 479 924 paratum
492 873 526 908 ex
539 858 641 909 diverso
652 858 803 924 proemium
814 873 862 924 pc·

63 927 121 978 tat?
157 923 202 976 Sic
214 924 421 978 Scribonianum
430 923 477 975 sub
491 923 805 997 Claudioiutersectum:
824 925 878 976 sic

57 1009 239 1064 percussorem
253 995 319 1057 eius,
342 991 523 1061 Volaginium,
542 994 698 1062 egregario
714 995 864 1046 adsumme

62 1065 355 1132 militiaeprooectume
382 1061 506 1114 Facilius
517 1062 765 1129 uniuersosinpelli,
783 1066 875 1133 quasu-

60 1131 284 1203 singulosoitoni.
794 1160 796 1165 ·
836 1149 839 1154 ·
943 1139 950 1147 ’

113 1203 236 1256 Lxxvu
273 1203 324 1254 His
334 1203 481 1269 pavoribus
493 1208 647 1264 nutantem,
668 1202 754 1254 etalii
764 1202 865 1269 Legati

61 1273 196 1340 amicique
207 1274 361 1333 firmabant,
380 1278 409 1323 ct
419 1273 573 1334 Mucianus,
591 1276 655 1338 post
666 1273 766 1324 multos
776 1286 865 1322 secre-

61 1349 324 1408 tosqucsermones,
344 1343 403 1390 iam
415 1347 444 1391 et
459 1357 553 1392 coram
569 1343 609 1392 ito
623 1341 745 1392 locutus:
767 1337 865 1391 Omnes

60 1409 107 1480 qui
126 1425 286 1478 magnarum
306 1425 396 1460 recssm
416 1409 527 1462 consilia
546 1409 704 1476 suscipiunt,
722 1407 866 1461 aestimare

61 1478 164 1541 debeat,
182 1493 229 1541 au,
248 1479 319 1547 quod
335 1476 496 1541 inchoatur,
515 1477 688 1546 Reipublicae
706 1479 784 1543 utile,
801 1477 866 1545 ipsis

56 1548 220 1620 gloriosum,
229 1556 289 1606 ,aut
299 1557 454 1615 promptum
469 1546 583 1616 effectu,
602 1557 653 1600 aut
667 1558 740 1600 certe
754 1566 809 1602 nou
822 1564 868 1599 ar·

60 1618 143 1669 duum
152 1616 198 1669 sit.
237 1615 325 1667 Simul
334 1618 398 1683 ipse,
417 1616 464 1682 qui
473 1619 582 1681 sssadet,
599 1618 867 1682 considerandusest,

60 1686 210 1741 adiiciatne
229 1686 340 1740 consilio
356 1686 617 1754 periculumsuume
645 1697 681 1749 et,
698 1686 723 1739 si
741 1686 867 1741 Fortuna

58 1755 162 1825 caeptis
174 1756 306 1828 adfecerit,
324 1756 508 1809 oui‘summum
518 1758 597 1808 decus
606 1755 777 1825 adquiratur.
801 1754 867 1826 Ego

60 1834 97 1889 te,
123 1823 292 1895 Vespasiano,
309 1827 347 1877 ad
360 1824 503 1893 imperium
518 1843 589 1889 uoco,
607 1836 665 1878 tam
674 1826 868 1889 salutareRei-

54 1894 193 1963 publicae,
211 1894 543 1965 quamtibimagnificum.
578 1896 663 1947 Iusta
674 1894 760 1961 Deos,
778 1896 868 1950 intua

59 1966 272 2033 manupositum
282 1973 330 2017 est.
369 1964 422 2016 Nec
438 1964 551 2030 speciem
565 1964 703 2016 adulantis
717 1966 867 2035 expaveris.

59 2051 77 2085 a
89 2035 262 2097 contumelia,
280 2048 392 2101 quomo
408 2034 487 2085 laude
499 2034 613 2101 propius
622 2033 731 2106 suerit,
745 2047 810 2105 post
824 2034 868 2087 Vi·

58 2102 168 2154 tcllium
183 2102 257 2172 eligi.
278 2150 281 2153 .
296 2103 354 2156 Nou
369 2103 497 2154 aduersus
515 2102 553 2153 D.
567 2104 698 2175 Augusti*
706 2106 869 2159 acerrimam

57 2178 189 2235 mensem,
224 2189 272 2225 nec
286 2172 412 2223 adsersus
430 2172 617 2225 cautissimam
634 2172 738 2227 Tiberii
751 2186 869 2233 senectu-

57 2249 125 2303 tem,
140 2255 175 2293 ‘ue
185 2250 281 2294 contro
293 2238 477 2307 Caii'quidem,
495 2252 545 2293 aut
556 2240 678 2308 Clascdii,
696 2248 738 2298 ael
747 2244 869 2308 Neronis,

50 2310 210 2381 fundatam
219 2313 299 2380 longo
309 2310 425 2379 imperio
436 2311 541 2365 domum
550 2314 729 2383 exsurgimus.
766 2314 870 2367 cessisti

56 2380 148 2431 etium
161 2380 264 2432 Gallae
274 2378 448 2449 imaginibus.
484 2392 593 2451 torpere
607 2387 697 2447 ultro,
716 2393 743 2436 et
749 2387 869 2452 polluen-

55 2450 123 2500 dam
131 2449 345 2516 perdendamque
358 2448 560 2519 Rerupublicom
574 2454 735 2521 relinquere,
754 2470 832 2522 sopor
841 2462 870 2505 et

33 2571 35 2575 Α
53 2517 175 2587 ignauia
186 2516 331 2583 videretur,
350 2520 466 2573 etiamsi
477 2522 538 2586 tibi,
556 2521 797 2589 perminimum,
811 2533 868 2575 tom
893 2528 916 2535 ''

53 2596 123 2639 tuta
135 2587 252 2641 seruitus
262 2597 338 2641 esset.
377 2588 454 2643 Abiit
462 2590 518 2643 iam
529 2603 556 2644 et
566 2602 749 2645 transuectum
760 2602 869 2643 esttem·
929 2617 932 2626 ,

50 2672 123 2779 pasl,
142 2674 195 2723 quo
205 2674 293 2783 polslses
307 2658 394 2712 oidem‘
409 2662 569 2729 concupisse.
604 2661 814 2731 confisgs'endum
828 2671 867 2713 est

123 2742 223 2784 sesuvs
263 2765 280 2781 ,κ
407 2736 430 2743 ’·
643 2733 667 2783 G
