2034 3025
152 134 204 190 258
274 134 832 205 ANNALrvM[sv.8ats.o51.}

153 259 243 312 eoque
263 244 387 296 castellis
407 258 470 296 sese
490 243 653 308 defensare,
671 247 832 313 bellumque
852 246 957 300 ducere

153 319 303 366 statuerat.
342 312 350 340 ¹·
496 331 502 346 ⁸
627 331 633 336 ·
742 315 745 322 '
935 341 938 347 ·

205 383 294 435 XXX.
323 381 378 434 Sed
396 381 529 449 lazyges,
549 383 705 434 obsidionis
724 384 907 450 inpatientes,
928 390 960 436 et

128 491 133 499 ,
152 455 298 520 proximos
308 465 481 519 pereampos
492 452 572 520 vagi,
591 450 829 504 necessitudinem
844 467 958 520 pugnae

139 521 290 584 ‘adtulere,
301 521 368 588 quia
377 519 486 587 Lygius
497 521 766 590 Hermundurusque
776 520 836 571 illie
845 523 959 587 ingrue-

143 596 227 642 rant.
264 589 355 656 lgitur
365 587 517 656 degressus
532 590 656 642 castellis
668 589 809 652 Vannius,
828 587 960 642 funditur

153 656 275 726 proelio:
296 671 463 724 quamquam
475 660 559 711 rebus
570 659 711 723 adversis,
729 658 869 720 laudatus,
888 659 961 725 quod

154 733 181 778 et
187 739 310 794 pugnam
320 741 402 779 manu
411 727 551 792 capessiit,
567 736 714 793 etcorpore
723 727 833 779 adema
843 728 959 779 vulnera

154 794 268 861 excepit.
305 796 436 846 Ceterum
447 795 483 846 ad
493 797 622 859 classem,
630 797 661 846 in
667 797 798 848 Danubio
809 796 959 862 opperien-

152 868 221 924 tem,
231 862 366 930 periugit.
376 861 677 927 Seoutimoxclientes,
689 871 727 928 et,
737 866 859 931 acceptis
869 865 958 930 agris,

87 970 90 978 .
152 932 184 982 in
195 932 341 983 Pannonia
355 933 440 984 locati
455 940 530 986 sunt.
565 935 693 1002 Regnum
707 934 819 1004 Vangio
840 947 873 983 ac
888 934 958 985 Sido

92 1039 94 1043 .
152 1000 443 1067 intersepartiverc,¹
456 1005 576 1072 egregia
595 1001 874 1056 adverwsmosiide:
894 1003 959 1054 sub

151 1068 244 1131 ieetis,
256 1084 345 1122 suone
355 1084 391 1119 au
401 1073 510 1123 servitii
520 1073 646 1140 ingenio,
656 1071 722 1123 dum
733 1071 959 1138 adipiscerentur

154 1136 374 1200 dominationes,
382 1139 471 1190 multa
480 1143 611 1203 caritate,
625 1146 655 1192 et
664 1140 772 1192 maiore
783 1138 864 1202 odio,
881 1144 958 1206 post·

154 1219 239 1272 quam
250 1206 345 1274 adepti
355 1211 429 1256 sunt.

100 1335 108 1348 Ι
214 1273 316 1326 XXXl.
334 1275 370 1325 dt
384 1275 414 1324 in
423 1275 574 1328 Britannia
588 1275 618 1327 P.
630 1277 789 1341 Ostorium,
807 1291 859 1344 pro
873 1275 957 1329 Prae·

138 1355 143 1364 ·
154 1347 228 1407 tore,
246 1343 377 1396 turbidae
388 1357 435 1395 res
446 1359 593 1412 excepere,
608 1345 706 1398 effusis
716 1347 746 1396 in
757 1361 858 1415 agmm
868 1347 958 1409 socio-

154 1427 223 1465 rum
237 1411 376 1476 hostibus,
399 1425 432 1464 eo
447 1415 613 1477 violentius,
633 1414 709 1484 quod
723 1430 826 1467 norum
840 1413 959 1485 Ducem,

156 1483 282 1535 exercitu
298 1484 413 1552 ignoto,
432 1489 462 1537 et
477 1490 579 1552 coepta
596 1483 703 1549 hieme,
721 1485 827 1537 iturum
847 1483 959 1537 obviam

153 1568 212 1605 non
223 1553 368 1605 rebantur.
396 1553 447 1605 llis
458 1552 573 1623 gnarus,
583 1556 683 1621 primis
693 1556 842 1609 eventibus
850 1558 960 1604 metum

154 1627 206 1674 aut
216 1622 345 1689 fiduciam
355 1622 449 1690 gigni,
467 1626 541 1675 citas
557 1622 689 1677 cohortes
706 1626 794 1691 rapit:
814 1628 853 1685 et,
867 1624 959 1674 caesis

155 1692 203 1759 qui
223 1694 406 1753 restiterant,
426 1692 560 1744 disiectos
581 1698 774 1752 consectatus,
801 1705 839 1739 ne
858 1704 959 1743 rursus

138 1758 140 1765 '
155 1759 405 1827 conglobarentur,
421 1759 591 1826 infensaque
605 1758 733 1813 etiniida
743 1772 798 1824 pax
808 1771 866 1807 non
876 1758 961 1823 Duri,

154 1843 213 1880 non
233 1826 327 1891 militi,
348 1827 475 1893 requiem
493 1828 690 1895 permitteret,
708 1822 861 1877 detrahere
879 1840 962 1881 arma

155 1897 311 1962 suspectis,
328 1900 501 1963 cunctosque
513 1896 614 1945 castris
624 1895 660 1945 ad
670 1895 815 1946 Auronam
824 1898 855 1946 et
865 1892 962 1947 Sabri-

65 2008 71 2023 ]
97 1954 106 1979 ‘¹
145 1980 220 2031 ,nam
234 1964 336 2015 fluvius
350 1961 483 2015 cohibere
498 1969 589 2031 parat.
624 1962 706 2025 Quod
721 1963 806 2030 primi
820 1964 898 2015 leani
913 1966 961 2017 ab·

154 2048 252 2095 nuere,
266 2031 359 2083 valida
369 2046 453 2098 gens,
471 2048 525 2084 uec
533 2031 651 2099 proeliis
661 2034 783 2094 contusi,
793 2034 960 2101 quiasoeie·

50 2154 60 2163 ,
154 2106 245 2153 tatem
255 2105 381 2151 nostram
391 2101 521 2153 volentes
536 2107 724 2158 accesserant.
753 2100 854 2171 hisque
864 2108 961 2156 aucto·

154 2172 233 2222 ribus
241 2169 437 2223 circumiectae
446 2173 581 2224 nationes
590 2171 682 2224 locum
693 2186 804 2241 pugnae
815 2172 960 2239 delegere,

156 2244 266 2312 septum
277 2240 385 2307 agresti
396 2254 510 2321 aggere,
529 2250 559 2293 et
570 2240 649 2293 aditu
659 2248 789 2311 angusto,
799 2258 835 2294 ne
845 2243 960 2309 pervius

156 2310 245 2377 equiti
261 2306 344 2361 foret.
380 2310 422 2362 lia
435 2314 610 2363 munimenta
619 2312 685 2364 Dux
697 2314 847 2374 Romanus,
865 2325 960 2379 quam-

156 2393 239 2448 quam
251 2380 313 2431 sine
324 2378 428 2433 robore
436 2380 582 2449 legionum
592 2382 713 2434 sociales
723 2383 820 2450 copias
830 2380 961 2443 ducebat,

155 2460 339 2515 perrumpere
360 2448 541 2517 adgreditur,
565 2455 596 2501 et
614 2450 776 2503 distributis
795 2448 961 2503 cohortibus

154 2522 263 2569 turmas
279 2532 391 2587 quoque
406 2519 534 2586 peditum
549 2518 692 2575 admunia
705 2521 835 2588 accingit.
871 2521 962 2581 Tunc,

156 2582 224 2637 dato
235 2586 329 2653 signo,
347 2588 531 2660 perfringunt
547 2604 681 2659 aggerem
696 2592 813 2657 suisque
829 2588 962 2639 claustris

155 2654 301 2735 iapeditos
314 2658 462 2723 turbant,
475 2661 569 2731 Atque
585 2659 629 2713 illi
643 2660 819 2717 commentia
831 2655 963 2711 rebellio-
