2034 3025
125 104 244 160 Liui.
261 108 344 163 cnr.
364 110 486 187 oossor.
507 117 661 191 [unns.
680 126 756 183 uc.
770 132 820 200 nn]
839 132 875 187 tt

71 188 879 291 ffimwfflwW

71 294 132 330 curn
146 282 265 343 milites,
284 286 409 337 incertus
425 292 568 355 signoruni
584 296 667 359 ordo,
686 306 771 366 utque
784 306 875 362 taliin

67 352 210 415 ternpore,
229 352 282 403 sibi
298 357 414 421 quisque
431 372 566 426 properus
582 371 612 415 et
621 365 715 418 lentae
726 370 874 431 adversum

66 417 188 483 imperia
201 434 299 485 aures,
323 426 481 491 inrumpere
498 430 655 487 Germanos
671 438 764 501 iubet,
782 443 876 497 clusit·

66 491 140 549 tusis,
149 486 198 539 En
214 486 318 553 Varus,
328 502 357 544 et
365 495 453 547 eodem
463 497 635 571 iterumfuto
642 504 733 560 victae
742 509 876 575 legisses!

66 552 157 607 Simul
169 553 253 620 haec,
268 567 297 611 et
308 576 370 612 cunr
380 562 496 617 delectis
504 572 608 623 scindit
617 590 730 641 egnes,
741 584 875 646 equisque

64 626 188 675 unanime
203 628 321 681 vulnera
335 632 449 699 ingerit:
470 638 510 688 illi
521 645 656 706 sanguine
666 658 717 696 sue
728 655 758 697 et
766 647 876 703 lubrico

62 693 198 757 paludum
209 695 364 761 lapsantes,
376 707 497 756 excussis
508 711 675 775 rectoribus,
686 714 816 769 disiicere
826 718 875 771 ob·

61 763 140 824 rius,
162 768 306 827 proterere
320 769 452 822 iacentes.
479 775 613 839 plurimus
627 784 701 835 cirea
716 787 824 853 equilus
834 787 874 841 lu·

62 828 130 892 bor,
145 846 218 895 quae
228 849 318 901 neque
329 837 475 892 adversum
486 842 555 895 t'srri
564 849 723 915 ingruentis
732 856 805 918 telu,
824 871 874 909 ue·

62 914 118 965 que
128 902 179 965 figi
189 900 289 953 limosa
299 902 383 957 humo
393 915 531 973 poterant.
551 915 679 982 Caecina,
688 921 754 973 dun:
762 933 874 977 susten·

59 974 109 1021 tat
116 971 221 1031 aciem,
230 972 350 1025 suffosso
361 992 432 1042 eqno
443 978 583 1047 delapsus,
593 988 872 1061 circumveniebatur,

58 1039 90 1087 ui
106 1038 199 1102 prima
209 1037 281 1106 legio
292 1058 355 1095 sose
366 1051 549 1111 opposuisset.
574 1057 644 1107 iuvit
654 1057 776 1112 nostium
784 1064 872 1115 eritli-

57 1111 122 1167 tas,
139 1108 245 1159 omissa
255 1113 353 1175 caede,
369 1116 502 1179 praedant
517 1129 697 1179 sectantium:
717 1133 870 1199 enisaeque

57 1172 203 1241 legiones,
218 1191 431 1245 vesperascente
443 1186 502 1249 die,
512 1191 541 1240 iu
552 1200 650 1257 aperta
660 1204 689 1247 et
697 1200 798 1252 solida.
815 1202 870 1255 Ne·

59 1256 116 1309 que
126 1246 151 1294 is
161 1247 336 1301 miseriarum
346 1253 422 1310 linis.v
436 1258 600 1312 struendum
609 1265 722 1329 vallum,
731 1270 869 1335 petendus

58 1326 163 1379 agger:
192 1318 295 1369 emissa
309 1334 411 1387 magua
425 1338 459 1374 ex
474 1334 568 1391 pane,
593 1346 644 1398 per
657 1349 728 1400 quse
743 1343 870 1405 egeritur

57 1377 177 1444 hunius,
188 1389 238 1435 eut
248 1387 385 1440 exciditur
394 1406 502 1457 cespes:
513 1411 568 1449 non
579 1405 703 1475 tentoria
711 1410 869 1473 manipulis,

55 1452 117 1499 non
128 1448 255 1506 fomenta
264 1459 377 1513 sauciis:
396 1461 516 1516 infectos
525 1482 614 1520 coeno
623 1478 673 1522 aut
682 1488 781 1527 cruore
791 1478 868 1531 cibos

7 1535 10 1538 ·
55 1519 231 1584 dividentes,
251 1523 377 1580 funestas
391 1533 537 1598 tenebras,
556 1544 585 1587 et
599 1543 644 1588 tot
658 1539 869 1599 nonninunmit

53 1590 131 1641 libus
142 1605 228 1641 unum
238 1594 293 1646 iarn
303 1597 440 1664 reliquum
450 1601 525 1652 dien:
535 1605 771 1663 lanentabantur.

108 1657 207 1710 val.
223 1658 311 1717 Forte
332 1681 432 1734 equus,
451 1671 575 1738 abruptis
594 1678 713 1731 vinculis
732 1696 820 1749 rugus
838 1691 868 1738 et

54 1727 183 1780 elamore
192 1733 321 1796 territus,
335 1739 469 1802 quondan:
480 1750 685 1800 occurentium
697 1751 866 1808 obturbarit.

52 1801 138 1846 tenta
147 1796 214 1849 inde
226 1808 428 1870 conisternatio,
440 1811 577 1877 inrupisse
586 1816 743 1871 Gerrnunos
752 1821 866 1876 creden·

18 1895 21 1902 ,
52 1867 140 1927 tium,
150 1873 183 1915 ut
193 1872 285 1919 ernrcti
295 1883 409 1926 ruerent
419 1876 455 1927 ad
466 1887 571 1943 portas:
583 1899 699 1951 quarum
710 1889 866 1945 ‹lecunraue

51 1936 177 1998 maxime
187 1939 450 2004 petebatur,aversa
460 1945 578 2014 bosti,et
587 1955 758 2021 fugientibus
768 1963 864 2013 tutior.

40 2003 193 2067 ·Cneeina,
216 2016 372 2074 comperto,
396 2029 497 2068 ranas:
512 2035 574 2073 esse
589 2023 783 2092 lornridinem,
801 2044 865 2084 curu

51 2076 150 2124 tomen
169 2089 260 2141 neque
272 2083 452 2147 auctoritate,
472 2102 563 2155 neque
572 2095 715 2160 precibus,
732 2114 769 2149 ne
779 2115 865 2154 mauu
957 2085 962 2093 ¹

51 2141 180 2206 quidem,
195 2144 332 2200 obsistere
343 2155 391 2202 aut
401 2156 524 2208 retinere
533 2161 650 2213 militem
659 2169 764 2230 quiret,
774 2171 864 2234 proie-
937 2205 941 2212 -

52 2216 113 2261 ctus
123 2212 153 2260 in
164 2211 260 2266 limine
272 2223 383 2282 portae,
403 2225 583 2282 miseratione
594 2231 718 2297 deinum,
738 2239 802 2303 quia
812 2251 864 2303 per

50 2292 154 2346 eorpus
168 2279 258 2347 legati
272 2286 394 2338 eundum
405 2299 478 2355 erat,
497 2295 693 2352 clausitrioru:
721 2306 862 2360 simultri·

48 2346 116 2398 buni
128 2353 159 2398 et
169 2356 345 2406 centuriones
355 2355 455 2410 fulsum
465 2377 598 2428 pavorem
610 2369 773 2425 docueruut.

100 2417 217 2470 LXVII.
236 2422 316 2476 Tunc
332 2434 492 2482 contractos
506 2435 536 2485 iu
546 2440 694 2504 principia,
714 2444 859 2512 iussosque

48 2483 124 2538 :lietu
141 2502 204 2538 curn
214 2491 326 2544 silentio
338 2498 475 2562 accipere,
496 2509 631 2570 temporis
642 2523 675 2558 ac
683 2517 859 2567 necessitatis

47 2567 160 2608 moriet:
186 2554 272 2609 Vnum
284 2561 315 2613 in
330 2565 414 2616 arrei:
424 2570 555 2623 salutem:
574 2575 622 2624 sed
630 2592 663 2626 eo
673 2578 785 2628 consilio
795 2587 860 2632 tem·

46 2625 188 2692 peranda,
211 2631 420 2700 manendumque
443 2637 655 2708 introsollum,
677 2645 760 2703 doner
778 2661 860 2713 expe·
