2034 3025
99 168 275 225 Liaxvu.
292 167 472 224 caaz-4.
490 169 579 238 [ΑΝ.
590 173 650 242 819·
666 167 700 224 A.
710 171 740 223 C.
751 171 806 241 aa]
824 171 875 228 395

118 276 154 327 11.
173 275 361 344 igiturNcro,
372 291 428 328 non
440 277 578 341 auctoris,
598 291 655 328 non
666 278 753 344 ipsius
765 280 874 346 negotii

65 345 123 400 uae
134 347 204 398 satis
216 349 353 414 spectata,
364 360 417 396 nec
426 347 531 410 missis,
542 359 594 412 per
604 361 674 415 quos
685 353 825 411 nosceret,
838 363 874 400 aa

65 430 135 468 vera
143 414 335 478 adferrentur,
354 421 440 484 auget
453 415 530 477 ultro
545 429 698 480 rumorem,
717 416 873 484 mittitque,

64 485 114 553 qui
125 485 201 537 velut
215 490 343 552 paratam
357 483 491 553 praedam
502 481 664 538 eveherent.
686 485 814 537 'Dantur
823 487 874 537 tri·

64 568 160 607 remes
172 559 201 605 et
211 554 352 605 delectum
366 548 516 622 remigium
531 554 669 608 iuvandae
684 553 872 607 festinationi.

64 638 120 676 uec
129 623 205 675 aliud
214 637 266 692 per
276 622 340 675 illos
351 623 412 674 dies
422 624 540 690 populus
551 623 734 686 credulitate,
753 623 873 691 pruden-

64 698 111 745 tes
131 691 244 744 diversa
262 691 353 756 fama,
371 691 474 746 tedere.
509 693 549 744 Ac
563 691 640 745 forte
661 693 873 763 quinquennale

64 761 204 813 ludicrum
216 762 339 815 secundo
356 761 448 814 lustro
463 761 672 815 celebrabatur:
689 778 708 815 a
717 764 873 816 narratori·

64 831 786 900 busoratoribusquepraecipuamateriainlaudem
794 832 872 886 Ptin·

64 901 136 967 cipis
151 900 298 968 adsumpta
310 906 365 954 est.
391 918 445 954 nou
454 899 526 954 enim
536 909 644 955 tantum
654 901 749 955 solitae
758 901 871 974 fruges,

63 985 113 1022 nec
122 969 236 1022 metallis
247 971 390 1044 confusum
399 986 498 1022 aurum
507 969 601 1040 gigni,
612 971 660 1023 sed
666 986 735 1026 aava
745 972 872 1026 ubertate

60 1039 205 1108 provenire
220 1047 359 1092 terramet
369 1038 460 1092 odaiae
479 1054 540 1106 opes
561 1039 668 1112 deferre
683 1038 771 1095 Deos:
789 1057 872 1110 quae·

64 1124 120 1178 qne
139 1108 209 1172 alia,
229 1125 340 1168 summa
359 1108 491 1160 facundia
505 1124 558 1161 nec
572 1112 682 1164 minore
695 1111 871 1176 adulatione,

65 1178 183 1230 servilia
191 1177 349 1248 fingebant,
365 1179 459 1232 securi
470 1178 504 1231 de
515 1178 654 1232 facilitate
665 1180 818 1234 credentis.

21 1268 24 1273 ·
100 1246 148 1299 lll.
165 1247 309 1301 Gliscebat
319 1249 435 1301 interim
444 1248 557 1301 luxuria
566 1265 616 1316 spe
626 1249 714 1314 inani,
724 1265 871 1304 consume·

65 1317 223 1385 banturque
232 1323 346 1370 veteres
357 1333 435 1385 opes,
455 1319 536 1386 quasi
546 1319 663 1383 oblatis,
684 1335 753 1388 quas
763 1320 870 1372 multos

64 1401 117 1455 per
134 1401 225 1438 annos
245 1388 419 1458 prodigeret.
455 1387 530 1448 Quin
543 1393 573 1439 et
588 1389 654 1440 inde
664 1390 722 1439 iam
730 1388 870 1456 largieba-

63 1461 123 1508 tur:
143 1460 173 1508 ct
182 1455 344 1507 divitiarum
354 1455 530 1521 exspectatio
541 1457 618 1509 inter
627 1471 740 1509 caussas
751 1471 870 1525 pauper·

63 1528 131 1579 tatis
146 1526 274 1591 publicae
290 1530 361 1577 erat.
396 1522 467 1575 Nam
477 1524 594 1589 Bassus,
615 1524 719 1579 effosso
734 1541 803 1595 agro
818 1541 870 1579 suo

61 1597 187 1663 latisque
194 1594 299 1646 circum
304 1594 389 1659 arvis,
400 1592 466 1645 dum
477 1592 552 1645 bunc
561 1594 606 1646 vel
616 1595 697 1646 illum
705 1594 798 1647 locum
808 1609 871 1662 pro·

63 1665 144 1717 missi
155 1678 256 1732 specus
267 1664 425 1726 adseverat,
437 1668 647 1731 sequunturque
658 1678 716 1715 non
726 1663 810 1717 modo
820 1667 871 1715 mi·
939 1692 941 1699 ι

62 1736 143 1798 lites,
164 1733 217 1785 sed
234 1733 362 1802 populus
375 1734 541 1803 agrestium,
562 1730 709 1786 efficiendo
730 1734 810 1801 operi
825 1733 872 1787 ad·

63 1809 203 1870 sumptus,
221 1804 348 1871 tandem,
367 1804 462 1873 posita
480 1796 623 1867 vecordia,
641 1820 695 1857 noa
708 1804 788 1877 salsa
807 1813 873 1858 ante

62 1874 167 1944 eurania
177 1888 236 1938 aua,
247 1889 325 1941 seque
336 1880 401 1926 tunc
408 1872 530 1941 primum
540 1874 651 1936 clusum,
662 1872 812 1949 admirans,
824 1889 872 1942 pu·

63 1944 163 1996 dorem
174 1948 319 1997 etinctum
330 1948 422 1997 morte
432 1942 595 1995 voluntaria
606 1940 715 2011 effingit.
741 1944 872 2009 Quidam,

63 2012 185 2065 cinctum
194 2028 228 2065 aa
237 2030 299 2066 mou
310 2009 456 2079 amasam,
476 2011 631 2079 tradidere,
646 2012 778 2083 ademptis
788 2012 872 2080 lauit,

63 2082 191 2135 inlocum
200 2080 320 2153 Regiae
336 2097 411 2136 azae.
530 2079 533 2087 '
847 2102 852 2110 ¹

118 2151 166 2205 lV.
182 2153 297 2205 interea
328 2157 440 2215 enatus,
453 2150 612 2220 propinquo
623 2151 679 2204 iam
689 2150 803 2206 lustrali
813 2167 873 2205 cer·

64 2228 183 2288 tamine,
201 2228 235 2275 ut
248 2221 370 2273 dedecus
386 2226 540 2284 averteret,
561 2219 823 2291 oilertlmperatori
833 2221 873 2274 ai·

62 2291 181 2345 ctariam
193 2299 305 2353 cantus,
324 2289 477 2358 adiicitque
490 2288 644 2361 facundiae
658 2305 798 2354 caronam,
816 2306 873 2359 qua
922 2310 934 2329 ³

62 2360 174 2413 ludicra
188 2351 356 2412 deformitas
369 2359 522 2411 velaretur.
558 2356 614 2411 Sed
623 2358 700 2412 Nero
707 2396 716 2422 ,
734 2358 805 2413 aaliz
817 2376 872 2413 am·
966 2376 969 2381 ·
1011 2368 1014 2375 ·

63 2429 134 2495 bitu,
147 2445 196 2483 nea
201 2436 340 2497 potestate
352 2425 469 2481 Senatus
479 2442 543 2495 opus
551 2441 617 2491 eene,
632 2428 777 2493 dictitans,
792 2445 820 2481 ee
830 2444 874 2481 ue·

64 2498 420 2569 quamadeersueuemulos,
440 2503 469 2548 et
476 2495 609 2565 religione
618 2496 738 2549 iudicum
747 2498 874 2551 meritam

63 2569 169 2622 laudem
179 2568 378 2631 adsecuturum,
393 2566 485 2635 primo
496 2579 610 2616 carmen
620 2566 651 2617 in
661 2579 747 2619 scena
756 2569 872 2620 recitate

66 2654 141 2701 mox,
150 2636 299 2705 flagitante
309 2636 404 2704 vulgo,
415 2642 446 2687 ut
456 2633 547 2685 amnia
557 2634 649 2687 studia
660 2649 710 2688 sua
717 2628 878 2703 publicaret

66 2701 872 2790 (baecenimverbadixere)ingrediturtbeatrqm,<cuuf
925 2758 930 2765 ,,
