2034 3025
13 276 16 308 l

13 347 15 376 l

122 120 483 175 mansorem-12
503 120 779 195 [evannum
818 84 865 179 nr

63 199 277 217 μί...-

14 229 17 235 ’
65 230 171 284 orabat:
186 231 276 283 donec
285 229 429 283 fatisceret
438 229 551 293 seditio,
561 234 598 292 et,
608 235 735 283 extremo
746 233 800 282 iam
814 235 868 296 die,

63 317 112 352 sua
121 284 239 367 {uisque
253 301 282 350 in
291 301 413 353 tentoria
428 300 629 351 dilaberentur.
665 298 813 351 Profectus
824 318 867 353 ea·

63 372 124 423 dcm
135 376 216 427 nocte
228 369 387 432 Flavianus,
404 369 491 421 obviis
503 370 670 435 Vespasiani
681 369 795 432 litteris,
813 370 868 421 dis-

63 440 168 493 crimini
184 444 328 504 exemptus
339 444 391 489 est.
583 452 587 459 ·

111 508 158 559 Xl.
195 508 342 574 Legiones,
352 506 440 557 veluti
449 506 514 558 tabe
524 504 652 570 infectae,
671 507 806 574 Aponium
818 506 866 560 Sa-

61 582 218 638 turninum,
238 577 355 626 Moesici
369 577 508 627 exercitus
523 576 674 643 Legatum,
694 591 728 628 co
744 578 866 627 atrocius

61 646 269 713 adgrediuntur,
278 645 353 711 quod
363 651 465 709 ncu,ut
474 646 561 712 prius,
570 645 667 697 labore
678 652 707 697 et
718 660 803 713 opere
813 646 866 698 fes·

60 732 115 777 sae,
133 716 184 766 sed
203 714 295 765 medio
316 714 372 765 diei
392 722 569 768 exarserant:
592 716 714 783 vulgatis
731 714 865 781 epistolis,

61 800 129 853 quas
143 782 308 834 Saturninus
324 784 360 835 ad
369 784 518 838 Vitellium
532 786 675 851 scripsisse
689 784 864 843 credebatur.

61 856 100 906 vt
114 853 180 904 olim
195 854 308 903 virtutis
321 853 541 922 modestiaeque,
559 858 627 906 tunc
642 856 821 921 procacitatis
838 860 867 906 et

58 922 237 990 petulantiae,
253 928 392 976 certamen
407 930 476 986 erat,
493 938 528 973 ne
544 924 634 975 minus
644 922 781 975 violenter
795 926 865 990 lipo-

58 995 144 1054 uium,
163 994 244 1059 quarn
255 993 432 1054 Flavianum,
450 990 485 1043 ad
501 991 664 1057 supplicium
677 994 865 1059 deposcerent.

57 1064 166 1128 Quippe
175 1063 314 1113 Moesicae
329 1062 469 1130 legiones,
488 1060 614 1111 adiutam
630 1075 685 1112 ose
695 1060 866 1114 Pannonico·

57 1147 118 1181 roan
128 1128 267 1200 oltipnem,
283 1129 447 1190 referentes,
467 1134 497 1180 et
507 1128 670 1192 Pannonici,
690 1130 766 1181 velut
776 1128 866 1183 absol-

58 1206 189 1251 verentur
210 1200 330 1251 aliorum
349 1198 497 1261 seditione,
514 1199 618 1250 iterare
633 1197 742 1267 culpai'n
764 1198 865 1267 gaude-

56 1270 134 1320 bant.
168 1269 199 1320 ln
210 1268 317 1331 liortos,
331 1270 360 1318 in
371 1270 469 1336 quibus
480 1268 678 1320 devertebatur
690 1266 864 1331 Saturninus,

56 1342 187 1405 pergunt.
221 1353 273 1390 nec
284 1344 340 1388 tam
351 1338 460 1388 Primus
475 1342 504 1389 et
515 1338 674 1405 Aponianus
684 1344 712 1389 et
723 1336 864 1400 Messalla,

55 1421 224 1475 quamquam
243 1408 319 1456 omni
336 1407 421 1457 modo
439 1406 508 1469 uisi,
526 1408 655 1473 eripuere
674 1406 864 1468 Saturninum,

55 1490 139 1543 quam
150 1476 306 1526 obscuritas
316 1475 496 1538 latebrarum,
506 1477 606 1544 quibus
617 1474 804 1538 occulebatur,
820 1488 865 1524 ra·

55 1546 179 1596 cantium
195 1544 268 1596 forte
283 1545 447 1596 balnearum
458 1543 621 1597 fornacibus
635 1545 754 1595 abditus.
791 1557 864 1606 mox,
881 1545 884 1554 ’

55 1615 165 1666 omissis
186 1614 345 1675 lictoribus,
377 1613 523 1665 Patavium
542 1617 687 1666 concessit.
728 1614 863 1679 Digressu

869 432 885 459 θ

21 1688 25 1694 ’
54 1673 250 1735 Consularium
260 1685 308 1734 uni
319 1685 437 1734 Antonio
447 1685 488 1733 vis
499 1699 533 1734 ac
543 1689 664 1752 potestas
674 1683 703 1733 in
715 1687 863 1749 utrumque

53 1755 208 1806 exercitum
218 1751 286 1816 fuit,
298 1752 459 1804 cedentibus
469 1753 599 1822 conlegia
619 1758 648 1806 et
659 1753 781 1804 obversis
791 1751 863 1802 mili·

7 1837 10 1840 ’
52 1829 114 1874 tum
125 1824 232 1875 studiis.
269 1838 321 1874 nec
331 1823 455 1884 deerant,
476 1825 524 1891 qui
539 1823 695 1884 crederent,
714 1826 862 1889 utramque

51 1892 222 1945 seditionem
240 1891 341 1944 fraude
358 1892 472 1945 Antonii
490 1897 628 1959 coeptam,
642 1896 674 1941 nt
692 1890 769 1942 solus
787 1889 862 1942 bello

51 1957 203 2014 frueretur.
818 1971 820 1976 '

105 2031 167 2082 Xll.
203 2031 244 2082 Ne
254 2032 281 2082 in
293 2030 403 2083 Vitellii
411 2031 524 2100 quidem
534 2031 657 2096 partibus
670 2029 860 2097 quietaerneu·

50 2107 106 2160 tes,
128 2101 288 2150 exitiosiore
308 2100 457 2163 discordia,
475 2116 531 2152 nun
552 2101 755 2167 suspicionibus
776 2098 860 2166 vulgi,

49 2167 102 2218 sed
113 2169 230 2234 perfidia
240 2169 362 2230 Ducunt,
382 2171 572 2221 turbabantur.
609 2171 735 2221 Lucilius
746 2167 860 2229 Bassus,

49 2235 151 2288 classis
161 2237 327 2288 Ravennatis
336 2237 510 2302 Praefectus,
520 2239 663 2314 ambiguos
673 2239 791 2290 militum
803 2237 860 2288 ani·

48 2321 123 2370 mos,
134 2307 208 2375 quod
218 2321 318 2371 magna
329 2322 393 2373 pars
409 2308 556 2359 Dalmatae
567 2308 757 2374 Pannoniique
768 2311 859 2370 erant,

48 2377 291 2444 quae'prciinciae
302 2375 470 2442 Vespasiano
481 2377 656 2442 tenebantur,
662 2376 786 2443 partibus
797 2376 858 2430 eius

47 2444 261 2515 adgregarerat.
277 2444 338 2496 Nox
348 2447 497 2512 proditioni
505 2447 607 2510 electa,
619 2453 662 2510 ut,
671 2447 772 2498 ceteris
782 2447 857 2511 igna·
898 2472 900 2476 .

46 2514 101 2575 ris,
122 2517 177 2568 soli
187 2517 215 2567 in
230 2517 364 2582 principia
375 2516 531 2568 defectores
547 2519 661 2568 coirent.
698 2515 801 2566 Bassus
810 2527 857 2580 pu·

46 2581 128 2646 dore,
149 2601 198 2637 seu
209 2589 294 2648 meto,
313 2587 437 2653 quisnam
454 2589 546 2639 exitus
557 2585 645 2647 foret,
659 2587 733 2635 intra
744 2584 855 2634 domum

41 2655 257 2728 opperiebatur.
293 2655 453 2710 'fl-ierarchi
477 2670 576 2724 magno
602 2653 723 2706 tumultu
748 2651 855 2706 Vitellii
