2034 3025
109 151 457 224 crannonem-51.
494 165 781 240 [canonem
815 173 850 228 ea

48 245 853 271 u---———-—-·-·-·--·--·-·-——-....

47 276 176 344 precibus
186 277 314 341 petierat,
331 291 364 326 ne
374 281 606 340 armataretum
645 281 666 336 t,
680 275 797 328 ludibrio
824 294 852 330 u-

46 355 149 398 turum.
187 343 288 396 'rulere
299 343 565 409 corpunl'raetoriae
574 355 606 391 oo
627 346 711 406 ortes,
722 279 827 396 curig

45 414 128 465 dibue
139 416 168 464 et
177 411 410 474 lacrimis‚vulnue
419 425 570 476 mannaque
581 410 639 460 eiua
649 411 851 464 exosculantes.

46 480 168 544 Quidam
187 482 316 542 militum,
336 480 414 530 iuxta
434 493 532 544 rogum
545 476 712 530 interfecere
730 494 774 542 ae3
795 495 852 531 non

45 563 129 611 noxa,
149 565 239 616 neque
255 549 289 598 ob
305 552 417 610 metum,
436 547 485 597 aed
498 545 686 598 aemulatione
699 546 807 598 decoris
823 553 853 599 ct

45 619 165 670 caritate
186 617 329 681 Principia.
373 630 406 666 ac
425 619 522 681 postea
538 614 693 678 promiscue
712 614 851 678 Bedriaci,

43 685 208 738 Placentiae
227 685 342 751 aliisque
361 684 391 734 in
410 680 697 744 caetria,celebratom
715 681 745 734 id
783 697 851 734 enua

44 755 155 805 mortio.
190 751 294 814 Othoni
308 751 464 819 sepulcrum
475 754 647 813 eaatructum
661 697 850 804 estmagicum

43 829 254 876 etmanaurum.
773 841 777 862 t

99 890 133 941 L.
151 891 334 948 licueritne
344 890 428 940 tinem
439 885 535 940 habuit
545 887 850 953 septimoettrlceaimo
903 891 907 897 ’

43 959 148 1010 aetatis
158 973 238 1010 anno.
274 958 360 1023 Origo
369 956 412 1006 illi
423 971 438 1008 e
448 957 596 1022 municipio
604 955 764 1007 Ferentino.
801 955 851 1008 Pa·

43 1034 91 1076 ter
110 1027 282 1078 Consularis:
302 1039 368 1076 avus
387 1021 564 1075 Praetorius:
584 1027 739 1074 maternum
760 1035 849 1090 genoe

42 1097 136 1159 inpar,
155 1109 205 1146 nec
225 1101 319 1145 tannen
333 1092 507 1144 indecorum:
539 1092 659 1160 pueritia
678 1093 851 1154 ociorem,
930 1134 933 1137 .

45 1162 158 1228 qualem
177 1162 399 1213 monstravimus.
436 1158 543 1210 duobus
563 1158 739 1221 facinoribus,
758 1158 849 1211 altero

43 1229 276 1298 flagitiosissimo,
296 1229 386 1282 altero
397 1230 524 1296 egregio,
543 1227 707 1279 tantundem
718 1227 790 1294 apud
801 1242 849 1294 po·

44 1303 137 1350 steros
147 1301 249 1351 meruit
261 1299 351 1350 bonae
361 1297 459 1360 famae,
470 1301 603 1363 quantum
614 1295 713 1346 malae.
741 1295 778 1346 vt
787 1310 849 1346 con-

46 1368 157 1434 quirere
168 1366 307 1427 fabulosa,
331 1371 362 1417 et
378 1367 458 1443 lictis!
469 1365 610 1415 oblectare
630 1363 782 1430 legentium
793 1365 849 1413 ani·

45 1434 116 1496 mos,
136 1434 377 1500 proculgravitate
387 1433 477 1498 coepti
489 1429 771 1497 operiscrediderimc
807 1432 850 1480 ita

35 1504 166 1571 ‘vulgatis
180 1501 344 1569 traditisque
359 1501 470 1553 demere
485 1499 567 1552 fidem
581 1514 639 1549 non
653 1498 751 1549 anaim.
785 1493 849 1559 Dte,

65 1588 99 1623 uo
107 1570 237 1623 Bedriaci
246 1569 421 1631 certabatur,
440 1584 515 1620 anem
528 1565 671 1619 iacieitata
681 1564 767 1630 epect'e
776 1566 852 1633 apud

43 1590 164 1709 {legiam
178 1638 310 1707 Lepidum
324 1636 422 1689 celebri
436 1639 492 1688 loco
503 1633 657 1696 remediare,
676 1632 784 1684 incolae
794 1648 851 1685 me-

43 1714 166 1770 morant,
176 1725 223 1760 aec
233 1706 326 1759 dende
336 1712 414 1760 caete
423 1704 625 1764 dominana‘aat
634 1700 850 1753 circumvolitan-

45 1777 115 1830 tium
125 1777 231 1840 alitam,
241 1774 367 1828 territam
373 1776 521 1843 pluriumve,
531 1772 612 1824 donec
624 1767 696 1821 Otleo
707 1784 734 1819 ee
742 1769 799 1836 ipae
807 1769 849 1821 ia·

45 1846 197 1915 terficeret:
217 1854 275 1897 taen
294 1844 414 1896 adlatam
434 1858 467 1893 ex
485 1840 584 1891 oculis:
601 1846 628 1889 et
637 1846 757 1903 tempora
771 1853 850 1904 repa-

44 1915 176 1977 taatibaa
185 1911 436 1982 initiumfiaemque
445 1906 570 1962 miraculi
579 1922 639 1959 cum
650 1903 764 1958 Otleom'e
773 1907 850 1959 exitu

44 1998 102 2034 com
121 1981 208 2034 eticae.
539 2031 541 2035 ,
625 1980 629 1986 ’

98 1996 144 2101 fil.
178 2050 209 2099 ln
221 2049 319 2101 femere
333 2049 402 2113 eius,
416 2051 518 2099 novata
530 2039 609 2095 luctu
622 2059 655 2095 uc
670 2043 767 2095 dolore
778 2044 849 2093 mili·

44 2124 105 2168 tum
117 2117 225 2169 seditio.
248 2133 299 2170 nec
310 2122 378 2179 erat3
389 2118 436 2185 qni
450 2118 601 2166 coerceret
636 2111 677 2162 Ad
687 2110 849 2179 Verginium
888 2127 898 2133 ·

44 2186 127 2247 versi,
137 2184 229 2247 niodo,
238 2192 270 2236 ut
280 2184 412 2250 reciperet
421 2182 575 2249 Imperium,
585 2195 664 2243 nunc,
674 2178 850 2248 allegatione

44 2252 120 2320 apud
135 2250 279 2305 Caecinam
293 2268 326 2304 ac
342 2251 480 2303 Valentem
490 2250 668 2321 fungeretur,
688 2249 849 2299 minitantes

46 2322 171 2373 orabant.
206 2312 849 2389 Verginiue‚perarersamdomuepartemiur·

45 2392 97 2441 tim
107 2391 267 2457 degressus,
286 2391 475 2455 inrumpentes
489 2387 639 2438 frustratus
651 2390 699 2436 eet
713 2399 715 2402 ·
733 2385 847 2443 Enrurrr,

44 2474 116 2526 quae
126 2459 243 2511 Brixelli
253 2464 376 2526 egerant,
387 2455 540 2509 cohortium
551 2469 646 2520 precee
657 2451 775 2503 Rubrius
785 2450 850 2501 Gal·
876 2479 892 2507 .
991 2505 1005 2517 f

44 2528 90 2578 lua
101 2528 175 2578 tulit.
210 2529 246 2580 Et
265 2528 345 2579 venia
362 2527 456 2577 statim
475 2518 849 2589 inpetrata‚concedentibua

45 2594 81 2646 ad
92 2599 234 2659 victorem,
248 2612 299 2665 per
307 2595 433 2649 Flavium
444 2592 586 2655 Sabinum,
595 2592 631 2641 iia
641 2589 736 2655 copiie,
748 2586 848 2656 quibua

44 2663 214 2730 praefuerat.
341 2674 344 2681 “
521 2678 529 2691 ‘
