2034 3025
138 59 192 173 iio
228 57 486 155 ='uurnnmvnr
507 84 660 167 [euim.
676 70 835 171 A.‹r'.21.]¹
892 100 912 135 ›·
951 147 957 165 κ

190 200 315 265 XXXIX.
334 199 411 259 Quae
426 200 473 249 ubi
486 201 596 264 cognita
610 198 639 249 P.
655 200 780 261 Velleio,
800 202 835 262 (is
845 203 935 266 proui-

112 269 114 274 '
132 286 213 336 mum
222 270 372 332 exercitum
382 268 572 333 praesidebat)
589 267 691 321 alarios
702 271 808 335 equites
819 284 851 319 ac
861 270 935 321 leves

137 335 291 391 cohortium
306 337 392 388 mittit
401 338 429 385 i'n
440 350 500 398 eos,
521 337 567 403 qui
577 336 778 401 praedabundi,
797 341 845 389 aut
856 337 935 388 adsu-
989 350 992 359 ’

85 416 92 427 ⁸
134 407 241 469 mendis
251 404 372 466 auxiliis,
386 405 565 471 vagabantur.
600 404 661 469 lpse
672 406 756 456 robur
767 406 887 471 peditum
899 405 934 456 ad

136 475 332 527 exsolvendum
348 474 482 524 obsidium
493 473 576 523 ducit.
613 472 755 540 Simulque
765 479 864 524 cuncta
873 488 935 539 pro-

105 579 108 584 ·
134 558 216 611 spere
226 548 300 593 acta:
318 546 406 593 caesis
416 541 640 607 populatoribus,
656 547 684 592 et
694 542 864 593 dissensione
874 548 936 593 orta
957 543 962 547 “
1002 572 1009 579 ν

135 614 208 679 apud
224 611 393 671 obsidentes,
411 610 549 676 Regisque
565 615 720 681 opportuna
730 612 887 675 eruptione,
907 616 936 663 et

136 681 256 731 adventu
271 680 396 747 legionis.
420 694 509 745 neque
520 680 607 729 aciem
619 679 813 744 autproelium
824 673 935 731 diei'de-

136 752 237 809 cuerit,
255 750 282 797 in
300 761 354 817 quo
368 761 517 798 semermes
532 762 564 797 ac
580 746 705 815 palantes
720 748 851 799 trucidati
860 753 936 811 sunt,

136 818 195 867 sine
206 821 303 867 nostro
313 816 455 882 sanguine.

178 885 239 936 ΧΗ
257 882 364 935 Eodem
374 898 447 933 anno
457 882 612 935 Galliarum
624 884 792 935 civitateeob
803 883 938 951 magnitu-

135 952 228 1004 dinem
242 952 314 1011 aeris
324 952 406 1003 alieni
416 951 595 1009 rebellionem
606 957 783 1016 coeptavere:
804 954 880 1003 cuius
888 967 936 1009 ex·
950 960 951 967 ’

135 1020 295 1078 stimulator
309 1022 472 1080 acerrimus,
492 1020 565 1071 inter
579 1022 716 1071 Treveros
724 1021 818 1071 ‘lulius
828 1020 937 1081 Florus,

135 1089 209 1155 apud
222 1088 330 1139 Aeduos
344 1088 430 1139 Iulius
442 1086 577 1139 Sacrovir.
606 1088 737 1141 nobilitas
757 1090 890 1141 ambobus
902 1094 938 1139 -et

134 1159 271 1209 maiorum
284 1156 454 1218 bonafama,
469 1170 559 1223 eoquo
568 1158 693 1207 Romana
708 1158 803 1208 civitas
815 1156 880 1208 olim
892 1157 939 1207 da-

133 1231 178 1287 ta,
198 1240 260 1275 cum
274 1224 420 1286 id'rarum,
438 1240 490 1275 nee
500 1226 554 1275 nisi
563 1226 659 1275 virtuti
669 1227 788 1291 pretium
800 1222 879 1277 esset.
915 1224 938 1275 li

66 1284 71 1303 ’
133 1295 249 1345 secretis
268 1293 435 1359 conloquiis,
460 1292 633 1344 ferocissimo
654 1308 763 1361 quoque
783 1293 939 1358 adsumpto,

134 1367 184 1413 eut
198 1362 297 1429 quibus
312 1364 347 1415 ob
358 1366 509 1429 egestatem
526 1376 558 1412 ae
568 1368 672 1413 metum
683 1377 718 1413 ex
729 1362 843 1430 flagitiis
853 1362 940 1415 maxi·
971 1380 976 1397 ·

133 1445 180 1482 ma
190 1431 321 1496 peccandi
331 1428 701 1498 necessitudo,oomponunt,
717 1432 818 1483 Florus
827 1432 939 1497 Belgas,

135 1497 265 1551 Sacrovir
273 1501 416 1566 propiores
427 1498 524 1551 Gallos
539 1502 656 1554 concire.
692 1500 780 1567 igitur
790 1517 839 1568 per
850 1502 939 1552 conoi-

101 1627 105 1630 ,
133 1567 239 1620 liabula
254 1577 283 1620 et
296 1574 390 1620 coetus
404 1571 537 1621 seditiosa
552 1561 732 1632 dissdrebant,
756 1572 787 1620 dc
798 1569 940 1622 reminse-

134 1635 381 1690 tionetrs'bntorum
385 1675 394 1700 ,
400 1640 543 1706 gravitate
547 1638 671 1709 fenoris,
682 1638 796 1688 saevitia
806 1641 840 1690 'ac
849 1651 942 1703 reper-

135 1704 180 1756 tta
190 1703 411 1770 praecidentium,
428 1712 457 1756 et
471 1707 623 1759 discordare
634 1705 758 1768 militem,
767 1706 860 1758 audito
874 1708 941 1756 Ger·

134 1771 234 1833 moiri
243 1771 334 1822 exiero.
343 1773 483 1836 egregium
492 1775 664 1826 rernmendae
674 1771 941 1837 libertatitempue,ee'

134 1839 188 1905 ipsi
190 1835 331 1904 florentes,
342 1834 506 1902 quaminops
517 1833 613 1894 Italia,
623 1848 703 1898 quam
712 1841 824 1890 instaur}
834 1839 939 1892 urlaub

131 1899 235 1975 plebes,
254 1903 324 1957 nibil
335 1905 454 1956 calidum
467 1903 497 1956 in
510 1900 687 1964 exercitibus,
706 1901 761 1970 nisi
773 1905 845 1968 quod
852 1914 941 1958 exter-

123 1972 387 2041 >nem,‘ccgitarent.
475 1986 483 2034 g
695 1985 698 1990 ·
902 2021 906 2024 .
948 2027 956 2036 ,

92 2081 100 2094 ,
157 2076 161 2085 ·
188 2043 261 2096 XLI.
288 2041 374 2092 Haud
389 2039 476 2094 ferme
491 2040 549 2100 ulla
565 2039 659 2092 civitas
673 2040 939 2096 intactaseminibus

137 2111 198 2163 eius
208 2115 300 2162 motus
310 2109 375 2162 fuit:
386 2110 435 2161 sed
445 2125 561 2176 erupere
572 2109 653 2174 primi
665 2108 801 2160 Andecavi
812 2114 939 2164 aeTuro·

136 2182 186 2231 nii.
222 2195 338 2248 quorum
349 2178 508 2230 Andecavos
518 2178 621 2236 Acilius
631 2177 741 2240 Aviola,
752 2177 882 2246 Legatos,
893 2197 939 2234 ex.

138 2250 194 2300 cita
203 2249 331 2310 cohorte,
345 2259 414 2315 quae
423 2248 553 2316 Lugduni
563 2245 874 2314 praesidiumagitabat,
896 2265 938 2302 co·

137 2320 233 2369 creuit·
268 2317 386 2367 Turonii
410 2317 562 2384 legionario
582 2316 685 2378 milite,
706 2331 785 2383 quem
806 2317 938 2369 Visellius

136 2385 242 2449 Varro,
260 2385 400 2447 inferioris
410 2384 576 2438 Germaniae
589 2385 724 2452 Legatos,
743 2385 870 2447 miserat,
890 2399 938 2451 op-

80 2514 86 2522 ,
136 2457 240 2522 pressi,
260 2455 357 2506 eodem
366 2454 555 2522 Avioleduce,
571 2461 599 2506 et
609 2454 770 2520 quibusdam
783 2453 942 2506 Galliarum·

136 2523 317 2589 primoribns;
335 2525 382 2590 qni
397 2523 488 2575 tulere
502 2523 647 2587 auxilinm,
667 2537 722 2590 quo
733 2522 938 2574 dissimularent

68 2622 77 2635 ν
137 2591 346 2660 defectionem„
355 2594 496 2662 magisque
515 2594 545 2646 iu
563 2597 688 2661 tempore
702 2589 840 2646 efferrent
861 2605 937 2658 spe·
