2034 3025
101 95 178 151 ure
199 93 476 150 arscensem.
496 94 799 168 [armassem]
817 98 871 154 roa

77 173 877 196 mm

68 208 145 258 erat
163 205 299 267 auctaque
311 206 340 253 ct
350 201 423 267 apud
432 199 532 252 hostes
543 203 604 252 eius
614 204 658 252 rei
668 201 752 266 fama,
763 221 818 271 quo
827 205 874 257 ie-

66 274 199 323 nientem
209 269 315 320 Ducem
326 273 516 332 exterrerent,
534 274 621 336 atque
631 270 681 321 illo
692 276 816 337 augente
826 286 874 323 au·

69 341 143 401 dita,
162 343 197 390 ut
209 337 375 411 maior‘lpua
391 338 566 404 compositis,
581 339 635 402 vel,
650 341 675 390 si
685 338 873 403 duravissent,

68 408 154 462 venia
164 407 267 458 iustior
275 407 460 475 tribueretur.
471 405 579 458 Silures
588 407 617 458 id
624 422 735 476 quoque
742 407 873 458 damnum

69 476 244 537 intulerant3
255 473 368 543 lateque
378 473 586 542 persultabant,
596 475 686 528 donec
697 475 816 537 adcursu
825 475 874 526 Di·

70 545 112 597 dii
133 543 316 612 pellerentur.
361 543 431 607 Sed,
458 549 526 611 post
550 550 661 611 captum
682 545 873 608 caractacunr,

70 615 241 682 praecipuus
251 613 371 664 scientia
380 614 422 664 rei
433 613 564 664 militaris
569 611 719 677 Venutius,
731 629 746 665 e
756 613 875 679 Brigan-

49 699 52 703 ·
70 689 134 734 tum
145 682 270 745 civitate,
280 686 313 733 ut
322 696 407 749 supra
416 684 579 745 memoravi,
589 681 719 751 fidusque
730 683 777 734 diu
786 683 876 732 etilo·

70 752 165 802 nranis
176 753 262 802 armis
273 749 415 813 defensus,
426 767 487 803 cum
494 751 736 804 Cartimanduam
746 751 875 818 reginem

71 819 255 871 matrimonio
275 824 400 870 tenerets
417 835 484 873 mox
504 825 568 872 orto
583 820 711 884 discidio,
727 826 760 872 ct
774 822 873 871 statim
937 837 944 846 ·

69 888 165 950 bello,
186 887 423 940 etiem‘adversus
443 903 496 940 nes
511 886 627 940 hostilia
643 889 782 941 induerat.
819 886 876 940 Sed

70 959 167 1024 primo
187 960 297 1008 tantum
315 957 391 1007 inter
411 958 489 1025 ipsos
509 958 686 1021 certabatur,
710 957 875 1025 callidisque

74 1024 293 1077 Cartismandua
306 1027 413 1076 artibus
429 1025 549 1077 fratrem
559 1029 774 1095 acpropinquos
784 1026 877 1077 Venu-

72 1095 110 1146 tii
120 1095 280 1159 iutercepit
304 1093 371 1145 inde
382 1095 492 1159 accensi
503 1093 611 1156 hostes,
622 1097 787 1147 stimulante
798 1096 877 1161 iguo·

73 1163 174 1224 minia,
194 1175 229 1212 ne
244 1161 366 1213 feminae
381 1163 501 1230 imperio
513 1162 710 1215 subderentur.
744 1164 837 1216 valida
847 1169 878 1214 et

73 1231 153 1284 lecta
167 1231 251 1282 armis
266 1232 395 1282 iuventus
406 1233 534 1300 Regnum
546 1233 606 1284 eius
620 1226 765 1284 invadunt.
801 1230 877 1302 quod

75 1300 160 1352 nobis
175 1299 349 1368 praevisum:
373 1305 403 1350 et
417 1303 521 1353 missae
536 1303 642 1353 auxilio
662 1300 793 1354 cohortes
812 1314 878 1352 acre

96 1367 215 1420 roelium
226 1365 334 1431 fecere3
352 1370 441 1431 cuius,
452 1370 535 1422 initio
545 1372 687 1436 ambiguo,
697 1369 764 1420 finis
773 1370 879 1420 laetior

75 1383 141 1488 luit.
177 1435 275 1503 Neque
296 1435 401 1504 dispari
421 1443 525 1489 eventu
544 1443 699 1505 pugnatum
720 1452 737 1488 a
754 1439 879 1504 legione,

76 1506 122 1558 cui
134 1505 249 1556 Caesius
261 1503 362 1557 Nasica
371 1513 512 1573 praeerat.
530 1506 601 1558 Nam
612 1504 722 1567 Didius,
733 1509 880 1556 senectute

77 1574 185 1643 gravis,
203 1580 233 1625 et
244 1575 333 1625 multa
342 1576 424 1639 copia
433 1572 582 1636 bonorum,
590 1588 649 1640 ,per
658 1574 804 1624 ministros
815 1588 880 1642 age·

78 1660 120 1707 re,
136 1649 166 1693 et
176 1657 272 1694 arcere
289 1642 410 1703 hostem,
425 1642 494 1692 setis
509 1642 640 1693 habebat.
675 1642 767 1703 llaec,
787 1656 881 1707 quam·

77 1726 162 1783 quani
174 1726 192 1761 a
200 1710 319 1772 duobus,
338 1710 453 1762 Ostorio
463 1711 616 1778 Didioque,
630 1708 880 1777 Propraetoribus,

77 1782 174 1850 plures
185 1794 236 1845 per
247 1793 335 1830 annos
349 1785 444 1847 gesta,
465 1782 612 1842 coniunxi,
631 1794 667 1831 ue
682 1780 786 1841 divisa,
806 1776 881 1829 haud

76 1847 196 1919 perinde
207 1847 243 1899 ad
258 1849 420 1901 memoriam
437 1852 481 1902 sui
495 1849 633 1903 valerent.
669 1848 711 1899 Ad
721 1853 880 1917 temporum

78 1918 208 1971 ordinem
218 1916 313 1969 redeo.
417 1956 421 1967 i

131 1984 204 2038 XLI.
223 1986 267 2036 Ti.
279 1985 394 2038 Claudio
406 1987 549 2055 quintum,
567 1984 632 2039 Sex.
645 1986 778 2038 Cornelio
789 1985 881 2038 Orfito

78 2063 151 2108 coss.
162 2055 252 2105 virilis
263 2060 332 2121 toga
342 2054 448 2106 Neroni
457 2061 609 2118 maturata,
626 2070 681 2123 quo
692 2056 882 2121 capessendae

78 2124 208 2191 ReipubL
219 2121 322 2174 babilis
332 2123 485 2176 videretur.
510 2126 548 2176 Et
559 2126 663 2175 Caesar
673 2125 882 2175 adulationibus

79 2193 203 2245 Senatus
214 2191 306 2243 libens
318 2192 418 2255 cessit,
438 2201 470 2243 at
479 2192 602 2245 uicesimo
612 2192 714 2244 aetatis
730 2209 802 2244 anne
817 2190 890 2259 Con-p

78 2262 200 2315 talaiam
214 2258 285 2313 Nero
294 2259 394 2312 iniret:
413 2268 494 2327 atque
506 2260 617 2314 interim
626 2261 796 2329 designatus,
815 2261 885 2311 Pro·
905 2268 909 2272 ’

79 2332 220 2385 consulare
229 2328 371 2397 imperium
381 2338 460 2397 extra
471 2330 564 2381 orbem
571 2328 692 2392 laederet,
706 2346 739 2380 ac
750 2331 883 2394 Princeps

78 2400 237 2454 iuventutis
253 2400 444 2466 adpellareiar.
480 2399 613 2463 Additum
631 2400 744 2449 nomine
759 2400 820 2449 eius
836 2398 884 2449 de-

81 2470 207 2527 uativum
222 2468 323 2531 militi,
344 2469 521 2537 congiarium
539 2468 625 2535 plebi.
660 2467 698 2516 Et
708 2467 815 2518 ludicro
827 2468 886 2516 Cir·

82 2538 224 2599 censium,
245 2536 321 2606 quod
335 2536 517 2607 adquirendis
531 2537 608 2603 vulgi
623 2534 727 2586 studiis
738 2536 894 2596 edebatur,

82 2606 263 2671 Britannicus
274 2607 303 2655 iu
314 2612 478 2673 praetexta,
497 2604 574 2658 Nero
589 2602 753 2671 triumphali
769 2617 830 2654 cum
841 2615 884 2650 ve
