<?xml version="1.0" encoding="UTF-8"?>
<!DOCTYPE html PUBLIC "-//W3C//DTD XHTML 1.0 Transitional//EN"
    "http://www.w3.org/TR/xhtml1/DTD/xhtml1-transitional.dtd">
<html xmlns="http://www.w3.org/1999/xhtml" xml:lang="en" lang="en">
 <head>
  <title>
</title>
<meta http-equiv="Content-Type" content="text/html;charset=utf-8" />
  <meta name='ocr-system' content='tesseract 3.04.00' />
  <meta name='ocr-capabilities' content='ocr_page ocr_carea ocr_par ocr_line ocrx_word'/>
</head>
<body>
  <div class='ocr_page' id='page_1' title='image "./ccorneliitaciti00socigoog/ccorneliitaciti00socigoog_0046.png"; bbox 0 0 2034 3025; ppageno 0'>
   <div class='ocr_carea' id='block_1_1' title="bbox 42 63 849 180">
    <p class='ocr_par' dir='ltr' id='par_1_1' title="bbox 42 63 849 180">
     <span class='ocr_line' id='line_1_1' title="bbox 42 63 849 180; baseline 0.006 -19"><span class='ocrx_word' id='word_1_1' title='bbox 42 88 67 127; x_wconf 62' lang='lat'><strong>³</strong></span> <span class='ocrx_word' id='word_1_2' title='bbox 90 107 205 162; x_wconf 77' lang='lat' dir='ltr'><strong><em>amr.</em></strong></span> <span class='ocrx_word' id='word_1_3' title='bbox 224 105 441 180; x_wconf 58' lang='lat' dir='ltr'><strong><em>carneus</em></strong></span> <span class='ocrx_word' id='word_1_4' title='bbox 460 70 616 178; x_wconf 40' lang='lat' dir='ltr'><strong><em>tarje.</em></strong></span> <span class='ocrx_word' id='word_1_5' title='bbox 633 63 776 179; x_wconf 50' lang='lat' dir='ltr'><strong><em>acmes</em></strong></span> <span class='ocrx_word' id='word_1_6' title='bbox 811 111 849 166; x_wconf 83' lang='lat' dir='ltr'><strong><em>ao</em></strong></span> 
     </span>
    </p>
   </div>
   <div class='ocr_carea' id='block_1_2' title="bbox 35 220 898 778">
    <p class='ocr_par' dir='ltr' id='par_1_2' title="bbox 35 220 898 778">
     <span class='ocr_line' id='line_1_2' title="bbox 35 220 821 285; baseline -0.003 -8"><span class='ocrx_word' id='word_1_7' title='bbox 35 226 148 277; x_wconf 75' lang='lat' dir='ltr'><strong><em>duceret</em></strong></span> <span class='ocrx_word' id='word_1_8' title='bbox 162 222 194 274; x_wconf 77' lang='lat' dir='ltr'><strong><em>irs</em></strong></span> <span class='ocrx_word' id='word_1_9' title='bbox 206 220 323 274; x_wconf 74' lang='lat' dir='ltr'><strong><em>hortem:</em></strong></span> <span class='ocrx_word' id='word_1_10' title='bbox 342 231 517 274; x_wconf 80' lang='lat' dir='ltr'><strong><em>revocaretur</em></strong></span> <span class='ocrx_word' id='word_1_11' title='bbox 532 222 639 285; x_wconf 75' lang='lat' dir='ltr'><strong><em>eonius,</em></strong></span> <span class='ocrx_word' id='word_1_12' title='bbox 652 222 789 277; x_wconf 78' lang='lat' dir='ltr'><strong><em>rediretie</em></strong></span> <span class='ocrx_word' id='word_1_13' title='bbox 814 220 821 236; x_wconf 82' lang='grc'><em>“</em></span> 
     </span>
     <span class='ocr_line' id='line_1_3' title="bbox 36 290 898 357; baseline 0.001 -11"><span class='ocrx_word' id='word_1_14' title='bbox 36 308 99 347; x_wconf 86' lang='lat' dir='ltr'><strong><em>num</em></strong></span> <span class='ocrx_word' id='word_1_15' title='bbox 110 294 319 356; x_wconf 63' lang='lat' dir='ltr'><strong><em>sinuessanae</em></strong></span> <span class='ocrx_word' id='word_1_16' title='bbox 329 290 402 343; x_wconf 79' lang='lat' dir='ltr'><strong><em>obses</em></strong></span> <span class='ocrx_word' id='word_1_17' title='bbox 416 290 503 344; x_wconf 74' lang='lat' dir='ltr'><strong><em>Gallie</em></strong></span> <span class='ocrx_word' id='word_1_18' title='bbox 514 292 681 354; x_wconf 79' lang='lat' dir='ltr'><strong><em>traderetur.</em></strong></span> <span class='ocrx_word' id='word_1_19' title='bbox 715 291 785 345; x_wconf 82' lang='lat' dir='ltr'>Redi</span> <span class='ocrx_word' id='word_1_20' title='bbox 819 308 847 347; x_wconf 87' lang='lat' dir='ltr'><strong><em>m</em></strong></span> <span class='ocrx_word' id='word_1_21' title='bbox 890 347 898 357; x_wconf 77' lang='grc'><strong><em>,</em></strong></span> 
     </span>
     <span class='ocr_line' id='line_1_4' title="bbox 37 360 848 431; baseline 0 -17"><span class='ocrx_word' id='word_1_22' title='bbox 37 364 208 431; x_wconf 74' lang='lat' dir='ltr'><strong>Agrippinae</strong></span> <span class='ocrx_word' id='word_1_23' title='bbox 219 363 368 423; x_wconf 81' lang='lat' dir='ltr'><strong><em>excusarit,</em></strong></span> <span class='ocrx_word' id='word_1_24' title='bbox 385 360 420 413; x_wconf 92' lang='lat' dir='ltr'><strong><em>ob</em></strong></span> <span class='ocrx_word' id='word_1_25' title='bbox 431 362 620 425; x_wconf 74' lang='lat' dir='ltr'><strong><em>imminentem</em></strong></span> <span class='ocrx_word' id='word_1_26' title='bbox 631 366 742 427; x_wconf 89' lang='lat' dir='ltr'><strong><em>partum</em></strong></span> <span class='ocrx_word' id='word_1_27' title='bbox 752 368 782 413; x_wconf 89' lang='lat' dir='ltr'><strong><em>et</em></strong></span> <span class='ocrx_word' id='word_1_28' title='bbox 790 360 848 414; x_wconf 85' lang='lat' dir='ltr'><strong><em>his·</em></strong></span> 
     </span>
     <span class='ocr_line' id='line_1_5' title="bbox 37 429 846 500; baseline -0.002 -17"><span class='ocrx_word' id='word_1_29' title='bbox 37 447 125 484; x_wconf 85' lang='lat' dir='ltr'><strong><em>mem:</em></strong></span> <span class='ocrx_word' id='word_1_30' title='bbox 154 438 298 483; x_wconf 81' lang='lat' dir='ltr'><strong><em>venturum</em></strong></span> <span class='ocrx_word' id='word_1_31' title='bbox 308 430 417 500; x_wconf 80' lang='lat' dir='ltr'><strong><em>filium:</em></strong></span> <span class='ocrx_word' id='word_1_32' title='bbox 445 438 536 481; x_wconf 84' lang='lat' dir='ltr'><strong><em>cetera</em></strong></span> <span class='ocrx_word' id='word_1_33' title='bbox 555 429 610 498; x_wconf 80' lang='lat' dir='ltr'><strong><em>ipsi</em></strong></span> <span class='ocrx_word' id='word_1_34' title='bbox 628 438 846 498; x_wconf 69' lang='lat' dir='ltr'><strong><em>exsequerentur.</em></strong></span> 
     </span>
     <span class='ocr_line' id='line_1_6' title="bbox 37 498 847 567; baseline -0.002 -14"><span class='ocrx_word' id='word_1_35' title='bbox 37 502 210 554; x_wconf 80' lang='lat' dir='ltr'>Discurrunt</span> <span class='ocrx_word' id='word_1_36' title='bbox 220 502 330 563; x_wconf 88' lang='lat' dir='ltr'><strong><em>mutati,</em></strong></span> <span class='ocrx_word' id='word_1_37' title='bbox 351 507 379 551; x_wconf 90' lang='lat' dir='ltr'><strong><em>et</em></strong></span> <span class='ocrx_word' id='word_1_38' title='bbox 389 498 632 551; x_wconf 80' lang='lat' dir='ltr'>seditiosissimum</span> <span class='ocrx_word' id='word_1_39' title='bbox 642 515 779 567; x_wconf 84' lang='lat' dir='ltr'><strong><em>quemque</em></strong></span> <span class='ocrx_word' id='word_1_40' title='bbox 788 502 847 551; x_wconf 82' lang='lat' dir='ltr'><strong><em>sin-</em></strong></span> 
     </span>
     <span class='ocr_line' id='line_1_7' title="bbox 38 567 848 637; baseline -0.001 -15"><span class='ocrx_word' id='word_1_41' title='bbox 38 580 98 623; x_wconf 88' lang='lat' dir='ltr'><strong><em>etos</em></strong></span> <span class='ocrx_word' id='word_1_42' title='bbox 109 567 279 621; x_wconf 84' lang='lat' dir='ltr'><strong><em>trahuntad</em></strong></span> <span class='ocrx_word' id='word_1_43' title='bbox 294 568 417 637; x_wconf 82' lang='lat' dir='ltr'><strong><em>legatum</em></strong></span> <span class='ocrx_word' id='word_1_44' title='bbox 433 568 552 636; x_wconf 81' lang='lat' dir='ltr'><strong><em>legionis</em></strong></span> <span class='ocrx_word' id='word_1_45' title='bbox 571 569 688 635; x_wconf 90' lang='lat' dir='ltr'><strong><em>primae,</em></strong></span> <span class='ocrx_word' id='word_1_46' title='bbox 709 571 738 621; x_wconf 83' lang='lat' dir='ltr'><strong><em>C.</em></strong></span> <span class='ocrx_word' id='word_1_47' title='bbox 750 569 848 621; x_wconf 83' lang='lat' dir='ltr'><strong><em>Cetro-</em></strong></span> 
     </span>
     <span class='ocr_line' id='line_1_8' title="bbox 38 637 847 707; baseline -0.001 -16"><span class='ocrx_word' id='word_1_48' title='bbox 38 642 125 703; x_wconf 89' lang='lat' dir='ltr'><strong><em>nium,</em></strong></span> <span class='ocrx_word' id='word_1_49' title='bbox 140 640 188 707; x_wconf 88' lang='lat' dir='ltr'><strong><em>qui</em></strong></span> <span class='ocrx_word' id='word_1_50' title='bbox 198 638 331 690; x_wconf 86' lang='lat' dir='ltr'><strong><em>iudicium</em></strong></span> <span class='ocrx_word' id='word_1_51' title='bbox 344 645 372 689; x_wconf 91' lang='lat' dir='ltr'><strong><em>et</em></strong></span> <span class='ocrx_word' id='word_1_52' title='bbox 381 652 484 705; x_wconf 88' lang='lat' dir='ltr'><strong><em>poenas</em></strong></span> <span class='ocrx_word' id='word_1_53' title='bbox 495 638 530 690; x_wconf 87' lang='lat' dir='ltr'><strong><em>de</em></strong></span> <span class='ocrx_word' id='word_1_54' title='bbox 539 637 656 707; x_wconf 83' lang='lat' dir='ltr'><strong><em>sin&#39;gulis</em></strong></span> <span class='ocrx_word' id='word_1_55' title='bbox 666 641 695 689; x_wconf 92' lang='lat' dir='ltr'><strong><em>in</em></strong></span> <span class='ocrx_word' id='word_1_56' title='bbox 706 637 779 691; x_wconf 84' lang='lat' dir='ltr'><strong><em>hune</em></strong></span> <span class='ocrx_word' id='word_1_57' title='bbox 789 652 847 690; x_wconf 88' lang='lat' dir='ltr'><strong><em>mo·</em></strong></span> 
     </span>
     <span class='ocr_line' id='line_1_9' title="bbox 37 707 850 778; baseline 0 -16"><span class='ocrx_word' id='word_1_58' title='bbox 37 710 104 763; x_wconf 87' lang='lat' dir='ltr'><strong><em>dum</em></strong></span> <span class='ocrx_word' id='word_1_59' title='bbox 115 709 252 761; x_wconf 82' lang='lat' dir='ltr'><strong><em>exercuit.</em></strong></span> <span class='ocrx_word' id='word_1_60' title='bbox 289 707 407 760; x_wconf 79' lang='lat' dir='ltr'><strong>Stabant</strong></span> <span class='ocrx_word' id='word_1_61' title='bbox 424 722 476 774; x_wconf 87' lang='lat' dir='ltr'><strong><em>pro</em></strong></span> <span class='ocrx_word' id='word_1_62' title='bbox 497 710 631 778; x_wconf 81' lang='lat' dir='ltr'><strong><em>eoneiqne</em></strong></span> <span class='ocrx_word' id='word_1_63' title='bbox 650 709 783 776; x_wconf 80' lang='lat' dir='ltr'><strong><em>legiones,</em></strong></span> <span class='ocrx_word' id='word_1_64' title='bbox 799 708 850 762; x_wconf 69' lang='lat' dir='ltr'><strong><em>de-⁴</em></strong></span> 
     </span>
    </p>
   </div>
   <div class='ocr_carea' id='block_1_3' title="bbox 36 775 956 855">
    <p class='ocr_par' dir='ltr' id='par_1_3' title="bbox 36 775 956 855">
     <span class='ocr_line' id='line_1_10' title="bbox 36 775 956 855; baseline 0 -26"><span class='ocrx_word' id='word_1_65' title='bbox 36 777 144 831; x_wconf 80' lang='lat' dir='ltr'><strong><em>strictis</em></strong></span> <span class='ocrx_word' id='word_1_66' title='bbox 153 777 349 845; x_wconf 74' lang='lat' dir='ltr'><strong><em>gladiisrreus</em></strong></span> <span class='ocrx_word' id='word_1_67' title='bbox 359 777 388 828; x_wconf 93' lang='lat' dir='ltr'><strong><em>in</em></strong></span> <span class='ocrx_word' id='word_1_68' title='bbox 399 784 533 845; x_wconf 85' lang='lat' dir='ltr'><strong><em>suggestu</em></strong></span> <span class='ocrx_word' id='word_1_69' title='bbox 542 792 592 845; x_wconf 91' lang='lat' dir='ltr'><strong><em>per</em></strong></span> <span class='ocrx_word' id='word_1_70' title='bbox 600 779 742 830; x_wconf 86' lang='lat' dir='ltr'><strong><em>tribunum</em></strong></span> <span class='ocrx_word' id='word_1_71' title='bbox 753 783 846 830; x_wconf 70' lang='lat' dir='ltr'><strong><em>osten«</em></strong></span> <span class='ocrx_word' id='word_1_72' title='bbox 875 840 878 843; x_wconf 15' lang='lat'><strong>⁴</strong></span> <span class='ocrx_word' id='word_1_73' title='bbox 907 775 925 855; x_wconf 69' lang='grc' dir='ltr'><strong> </strong></span> <span class='ocrx_word' id='word_1_74' title='bbox 952 794 956 796; x_wconf 61' lang='grc'><em>’</em></span> 
     </span>
    </p>
   </div>
   <div class='ocr_carea' id='block_1_4' title="bbox 10 847 897 2234">
    <p class='ocr_par' dir='ltr' id='par_1_4' title="bbox 10 847 897 1882">
     <span class='ocr_line' id='line_1_11' title="bbox 36 847 846 915; baseline 0.004 -16"><span class='ocrx_word' id='word_1_75' title='bbox 36 848 172 899; x_wconf 84' lang='lat' dir='ltr'><strong><em>debatur:</em></strong></span> <span class='ocrx_word' id='word_1_76' title='bbox 186 848 360 901; x_wconf 76' lang='lat' dir='ltr'><strong><em>sinerentur</em></strong></span> <span class='ocrx_word' id='word_1_77' title='bbox 376 847 610 911; x_wconf 79' lang='lat' dir='ltr'><strong><em>adclamaverunt,</em></strong></span> <span class='ocrx_word' id='word_1_78' title='bbox 619 863 753 915; x_wconf 89' lang='lat' dir='ltr'><strong><em>praeceps</em></strong></span> <span class='ocrx_word' id='word_1_79' title='bbox 763 847 846 902; x_wconf 80' lang='lat' dir='ltr'><strong><em>dano</em></strong></span> 
     </span>
     <span class='ocr_line' id='line_1_12' title="bbox 34 915 846 985; baseline 0 -17"><span class='ocrx_word' id='word_1_80' title='bbox 34 915 242 968; x_wconf 75' lang='lat' dir='ltr'><strong><em>trucidabatur.</em></strong></span> <span class='ocrx_word' id='word_1_81' title='bbox 261 922 290 968; x_wconf 88' lang='lat' dir='ltr'><strong><em>et</em></strong></span> <span class='ocrx_word' id='word_1_82' title='bbox 300 917 441 985; x_wconf 83' lang='lat' dir='ltr'><strong><em>gaudebat</em></strong></span> <span class='ocrx_word' id='word_1_83' title='bbox 451 917 581 969; x_wconf 84' lang='lat' dir='ltr'><strong><em>caedibus</em></strong></span> <span class='ocrx_word' id='word_1_84' title='bbox 591 918 684 980; x_wconf 90' lang='lat' dir='ltr'><strong><em>miles,</em></strong></span> <span class='ocrx_word' id='word_1_85' title='bbox 703 924 846 985; x_wconf 81' lang='lat' dir='ltr'><strong><em>tamquam</em></strong></span> 
     </span>
     <span class='ocr_line' id='line_1_13' title="bbox 34 983 846 1054; baseline 0 -17"><span class='ocrx_word' id='word_1_86' title='bbox 34 983 128 1039; x_wconf 85' lang='lat' dir='ltr'><strong><em>semet</em></strong></span> <span class='ocrx_word' id='word_1_87' title='bbox 138 984 307 1037; x_wconf 82' lang='lat' dir='ltr'><strong><em>absolveret:</em></strong></span> <span class='ocrx_word' id='word_1_88' title='bbox 328 1002 379 1037; x_wconf 87' lang='lat' dir='ltr'><strong><em>nee</em></strong></span> <span class='ocrx_word' id='word_1_89' title='bbox 390 986 493 1039; x_wconf 86' lang='lat' dir='ltr'><strong><em>Caesar</em></strong></span> <span class='ocrx_word' id='word_1_90' title='bbox 503 987 624 1050; x_wconf 87' lang='lat' dir='ltr'><strong><em>arcebat,</em></strong></span> <span class='ocrx_word' id='word_1_91' title='bbox 635 987 756 1054; x_wconf 90' lang='lat' dir='ltr'><strong><em>quando,</em></strong></span> <span class='ocrx_word' id='word_1_92' title='bbox 767 986 846 1037; x_wconf 92' lang='lat' dir='ltr'><strong><em>nullo</em></strong></span> 
     </span>
     <span class='ocr_line' id='line_1_14' title="bbox 35 1054 847 1123; baseline 0.001 -18"><span class='ocrx_word' id='word_1_93' title='bbox 35 1056 126 1123; x_wconf 85' lang='lat' dir='ltr'><strong><em>ipsius</em></strong></span> <span class='ocrx_word' id='word_1_94' title='bbox 146 1056 233 1117; x_wconf 88' lang='lat' dir='ltr'><strong><em>iussu,</em></strong></span> <span class='ocrx_word' id='word_1_95' title='bbox 253 1070 342 1121; x_wconf 88' lang='lat' dir='ltr'><strong><em>penes</em></strong></span> <span class='ocrx_word' id='word_1_96' title='bbox 359 1056 472 1109; x_wconf 87' lang='lat' dir='ltr'><strong><em>eosdem</em></strong></span> <span class='ocrx_word' id='word_1_97' title='bbox 488 1058 604 1119; x_wconf 84' lang='lat' dir='ltr'><strong><em>saevitia</em></strong></span> <span class='ocrx_word' id='word_1_98' title='bbox 618 1054 685 1107; x_wconf 84' lang='lat' dir='ltr'><strong><em>faeti</em></strong></span> <span class='ocrx_word' id='word_1_99' title='bbox 700 1062 729 1108; x_wconf 91' lang='lat' dir='ltr'><strong><em>et</em></strong></span> <span class='ocrx_word' id='word_1_100' title='bbox 742 1057 847 1107; x_wconf 80' lang='lat' dir='ltr'><strong><em>invidia</em></strong></span> 
     </span>
     <span class='ocr_line' id='line_1_15' title="bbox 34 1123 846 1191; baseline -0.001 -15"><span class='ocrx_word' id='word_1_101' title='bbox 34 1128 109 1177; x_wconf 85' lang='lat' dir='ltr'><strong><em>erat.</em></strong></span> <span class='ocrx_word' id='word_1_102' title='bbox 132 1124 222 1175; x_wconf 87' lang='lat' dir='ltr'><strong><em>secuti</em></strong></span> <span class='ocrx_word' id='word_1_103' title='bbox 233 1124 389 1191; x_wconf 85' lang='lat' dir='ltr'><strong><em>exemplum</em></strong></span> <span class='ocrx_word' id='word_1_104' title='bbox 400 1127 539 1188; x_wconf 89' lang='lat' dir='ltr'><strong><em>veterani,</em></strong></span> <span class='ocrx_word' id='word_1_105' title='bbox 558 1123 633 1176; x_wconf 87' lang='lat' dir='ltr'><strong><em>haud</em></strong></span> <span class='ocrx_word' id='word_1_106' title='bbox 642 1125 731 1177; x_wconf 90' lang='lat' dir='ltr'><strong><em>multo</em></strong></span> <span class='ocrx_word' id='word_1_107' title='bbox 742 1131 807 1191; x_wconf 87' lang='lat' dir='ltr'><strong><em>post</em></strong></span> <span class='ocrx_word' id='word_1_108' title='bbox 816 1126 846 1176; x_wconf 90' lang='lat' dir='ltr'><strong><em>in</em></strong></span> 
     </span>
     <span class='ocr_line' id='line_1_16' title="bbox 34 1192 887 1261; baseline 0.005 -17"><span class='ocrx_word' id='word_1_109' title='bbox 34 1192 188 1245; x_wconf 80' lang='lat' dir='ltr'><strong><em>Rhaetiam</em></strong></span> <span class='ocrx_word' id='word_1_110' title='bbox 199 1196 355 1256; x_wconf 89' lang='lat' dir='ltr'><strong><em>mittuntur,</em></strong></span> <span class='ocrx_word' id='word_1_111' title='bbox 366 1196 458 1261; x_wconf 85' lang='lat' dir='ltr'><strong><em>speeie</em></strong></span> <span class='ocrx_word' id='word_1_112' title='bbox 476 1194 667 1247; x_wconf 81' lang='lat' dir='ltr'><strong><em>defendendae</em></strong></span> <span class='ocrx_word' id='word_1_113' title='bbox 678 1196 847 1261; x_wconf 74' lang='lat' dir='ltr'><strong><em>provinciae,</em></strong></span> <span class='ocrx_word' id='word_1_114' title='bbox 883 1205 887 1208; x_wconf 87' lang='grc'><em>“</em></span> 
     </span>
     <span class='ocr_line' id='line_1_17' title="bbox 36 1262 847 1327; baseline -0.001 -12"><span class='ocrx_word' id='word_1_115' title='bbox 36 1264 74 1315; x_wconf 89' lang='lat' dir='ltr'><strong><em>ob</em></strong></span> <span class='ocrx_word' id='word_1_116' title='bbox 87 1263 257 1315; x_wconf 87' lang='lat' dir='ltr'><strong><em>imminentis</em></strong></span> <span class='ocrx_word' id='word_1_117' title='bbox 269 1262 387 1327; x_wconf 69' lang='lat' dir='ltr'><strong><em>Sueuos3</em></strong></span> <span class='ocrx_word' id='word_1_118' title='bbox 407 1270 540 1327; x_wconf 82' lang='lat' dir='ltr'><strong><em>ceterum,</em></strong></span> <span class='ocrx_word' id='word_1_119' title='bbox 560 1270 592 1315; x_wconf 90' lang='lat' dir='ltr'><strong><em>ut</em></strong></span> <span class='ocrx_word' id='word_1_120' title='bbox 605 1265 794 1317; x_wconf 85' lang='lat' dir='ltr'><strong><em>avellerentur</em></strong></span> <span class='ocrx_word' id='word_1_121' title='bbox 803 1279 847 1315; x_wconf 87' lang='lat' dir='ltr'><strong><em>oa·</em></strong></span> 
     </span>
     <span class='ocr_line' id='line_1_18' title="bbox 34 1331 848 1400; baseline 0 -18"><span class='ocrx_word' id='word_1_122' title='bbox 34 1332 115 1393; x_wconf 86' lang='lat' dir='ltr'><strong><em>stris,</em></strong></span> <span class='ocrx_word' id='word_1_123' title='bbox 134 1334 260 1383; x_wconf 84' lang='lat' dir='ltr'><strong><em>trucibus</em></strong></span> <span class='ocrx_word' id='word_1_124' title='bbox 273 1331 364 1384; x_wconf 86' lang='lat' dir='ltr'><strong><em>adhue</em></strong></span> <span class='ocrx_word' id='word_1_125' title='bbox 377 1347 433 1391; x_wconf 86' lang='lat' dir='ltr'><strong><em>non</em></strong></span> <span class='ocrx_word' id='word_1_126' title='bbox 448 1336 539 1384; x_wconf 89' lang='lat' dir='ltr'><strong><em>minus</em></strong></span> <span class='ocrx_word' id='word_1_127' title='bbox 560 1336 710 1400; x_wconf 80' lang='lat' dir='ltr'><strong><em>asperitate</em></strong></span> <span class='ocrx_word' id='word_1_128' title='bbox 722 1333 848 1385; x_wconf 85' lang='lat' dir='ltr'><strong><em>&#39;remedii</em></strong></span> 
     </span>
     <span class='ocr_line' id='line_1_19' title="bbox 35 1401 897 1469; baseline 0 -18"><span class='ocrx_word' id='word_1_129' title='bbox 35 1414 124 1469; x_wconf 89' lang='lat' dir='ltr'><strong><em>quam</em></strong></span> <span class='ocrx_word' id='word_1_130' title='bbox 145 1401 419 1455; x_wconf 79' lang='lat' dir='ltr'><strong><em>sceleris&#39;memoria</em></strong></span> <span class='ocrx_word' id='word_1_131' title='bbox 456 1402 686 1455; x_wconf 84' lang='lat' dir='ltr'><strong><em>Centurionatum</em></strong></span> <span class='ocrx_word' id='word_1_132' title='bbox 701 1403 767 1455; x_wconf 91' lang='lat' dir='ltr'><strong><em>inde</em></strong></span> <span class='ocrx_word' id='word_1_133' title='bbox 779 1404 847 1469; x_wconf 85' lang='lat' dir='ltr'><strong><em>egit.</em></strong></span> <span class='ocrx_word' id='word_1_134' title='bbox 891 1426 897 1433; x_wconf 36' lang='grc' dir='ltr'><em>ι</em></span> 
     </span>
     <span class='ocr_line' id='line_1_20' title="bbox 10 1469 847 1539; baseline -0.001 -17"><span class='ocrx_word' id='word_1_135' title='bbox 10 1504 12 1512; x_wconf 86' lang='lat'>·</span> <span class='ocrx_word' id='word_1_136' title='bbox 34 1472 144 1524; x_wconf 85' lang='lat' dir='ltr'><strong><em>citatus</em></strong></span> <span class='ocrx_word' id='word_1_137' title='bbox 155 1469 190 1522; x_wconf 89' lang='lat' dir='ltr'><strong><em>ab</em></strong></span> <span class='ocrx_word' id='word_1_138' title='bbox 200 1472 379 1538; x_wconf 87' lang='lat' dir='ltr'><strong><em>imperatore,</em></strong></span> <span class='ocrx_word' id='word_1_139' title='bbox 389 1487 499 1536; x_wconf 89' lang='lat' dir='ltr'><strong><em>nomen,</em></strong></span> <span class='ocrx_word' id='word_1_140' title='bbox 514 1472 648 1535; x_wconf 86' lang='lat' dir='ltr'><strong><em>ordinem,</em></strong></span> <span class='ocrx_word' id='word_1_141' title='bbox 659 1474 787 1539; x_wconf 87' lang='lat' dir='ltr'><strong><em>patriam,</em></strong></span> <span class='ocrx_word' id='word_1_142' title='bbox 797 1486 847 1521; x_wconf 88' lang='lat' dir='ltr'><strong><em>nu·</em></strong></span> 
     </span>
     <span class='ocr_line' id='line_1_21' title="bbox 34 1539 847 1610; baseline -0.005 -18"><span class='ocrx_word' id='word_1_143' title='bbox 34 1553 150 1592; x_wconf 88' lang='lat' dir='ltr'><strong><em>merum</em></strong></span> <span class='ocrx_word' id='word_1_144' title='bbox 167 1541 378 1606; x_wconf 85' lang='lat' dir='ltr'><strong><em>stipendiorum,</em></strong></span> <span class='ocrx_word' id='word_1_145' title='bbox 399 1558 469 1610; x_wconf 86' lang='lat' dir='ltr'><strong><em>quae</em></strong></span> <span class='ocrx_word' id='word_1_146' title='bbox 481 1547 595 1593; x_wconf 90' lang='lat' dir='ltr'><strong><em>strenue</em></strong></span> <span class='ocrx_word' id='word_1_147' title='bbox 605 1543 634 1592; x_wconf 92' lang='lat' dir='ltr'><strong><em>in</em></strong></span> <span class='ocrx_word' id='word_1_148' title='bbox 644 1541 759 1608; x_wconf 85' lang='lat' dir='ltr'><strong><em>proeliis</em></strong></span> <span class='ocrx_word' id='word_1_149' title='bbox 770 1539 847 1591; x_wconf 82' lang='lat' dir='ltr'><strong><em>fecis-</em></strong></span> 
     </span>
     <span class='ocr_line' id='line_1_22' title="bbox 35 1609 852 1674; baseline 0.001 -14"><span class='ocrx_word' id='word_1_150' title='bbox 35 1617 96 1672; x_wconf 84' lang='lat' dir='ltr'><strong><em>set3</em></strong></span> <span class='ocrx_word' id='word_1_151' title='bbox 109 1614 139 1662; x_wconf 88' lang='lat' dir='ltr'><strong><em>et</em></strong></span> <span class='ocrx_word' id='word_1_152' title='bbox 149 1609 193 1659; x_wconf 90' lang='lat' dir='ltr'><strong><em>cui</em></strong></span> <span class='ocrx_word' id='word_1_153' title='bbox 205 1616 284 1666; x_wconf 78' lang='lat' dir='ltr'><strong><em>erant</em></strong></span> <span class='ocrx_word' id='word_1_154' title='bbox 294 1611 367 1666; x_wconf 88' lang='lat' dir='ltr'><strong><em>dona</em></strong></span> <span class='ocrx_word' id='word_1_155' title='bbox 378 1612 521 1674; x_wconf 84' lang='lat' dir='ltr'><strong><em>militaria,</em></strong></span> <span class='ocrx_word' id='word_1_156' title='bbox 537 1610 646 1664; x_wconf 89' lang='lat' dir='ltr'><strong><em>edebat.</em></strong></span> <span class='ocrx_word' id='word_1_157' title='bbox 663 1613 687 1661; x_wconf 93' lang='lat' dir='ltr'><strong><em>si</em></strong></span> <span class='ocrx_word' id='word_1_158' title='bbox 699 1611 813 1671; x_wconf 83' lang='lat' dir='ltr'><strong><em>tribuni,</em></strong></span> <span class='ocrx_word' id='word_1_159' title='bbox 823 1611 852 1661; x_wconf 83' lang='lat' dir='ltr'><strong><em>si.</em></strong></span> 
     </span>
     <span class='ocr_line' id='line_1_23' title="bbox 35 1677 848 1750; baseline 0.004 -22"><span class='ocrx_word' id='word_1_160' title='bbox 35 1679 114 1747; x_wconf 81' lang='lat' dir='ltr'><strong><em>legio</em></strong></span> <span class='ocrx_word' id='word_1_161' title='bbox 124 1677 290 1733; x_wconf 83' lang='lat' dir='ltr'><strong><em>industriam</em></strong></span> <span class='ocrx_word' id='word_1_162' title='bbox 300 1677 544 1750; x_wconf 85' lang='lat' dir='ltr'><strong><em>innocentiamque</em></strong></span> <span class='ocrx_word' id='word_1_163' title='bbox 553 1679 786 1750; x_wconf 81' lang='lat' dir='ltr'><strong><em>adprobaverant‚</em></strong></span> <span class='ocrx_word' id='word_1_164' title='bbox 806 1693 848 1731; x_wconf 84' lang='lat' dir='ltr'><strong><em>re·</em></strong></span> 
     </span>
     <span class='ocr_line' id='line_1_24' title="bbox 36 1745 846 1803; baseline 0.002 -5"><span class='ocrx_word' id='word_1_165' title='bbox 36 1745 148 1799; x_wconf 84' lang='lat' dir='ltr'><strong><em>tinebat</em></strong></span> <span class='ocrx_word' id='word_1_166' title='bbox 158 1747 282 1800; x_wconf 83' lang='lat' dir='ltr'><strong><em>ordines:</em></strong></span> <span class='ocrx_word' id='word_1_167' title='bbox 302 1750 351 1801; x_wconf 90' lang='lat' dir='ltr'><strong><em>nbi</em></strong></span> <span class='ocrx_word' id='word_1_168' title='bbox 363 1753 507 1802; x_wconf 77' lang='lat' dir='ltr'><strong><em>avaritiam</em></strong></span> <span class='ocrx_word' id='word_1_169' title='bbox 520 1757 569 1802; x_wconf 90' lang='lat' dir='ltr'><strong><em>aut</em></strong></span> <span class='ocrx_word' id='word_1_170' title='bbox 579 1751 772 1803; x_wconf 84' lang='lat' dir='ltr'><strong><em>crudelitatem</em></strong></span> <span class='ocrx_word' id='word_1_171' title='bbox 783 1764 846 1801; x_wconf 87' lang='lat' dir='ltr'><strong><em>eon-</em></strong></span> 
     </span>
     <span class='ocr_line' id='line_1_25' title="bbox 35 1817 640 1882; baseline 0.008 -14"><span class='ocrx_word' id='word_1_172' title='bbox 35 1829 122 1870; x_wconf 86' lang='lat' dir='ltr'><strong><em>sensu</em></strong></span> <span class='ocrx_word' id='word_1_173' title='bbox 133 1817 354 1882; x_wconf 80' lang='lat' dir='ltr'><strong><em>obieetarissent,</em></strong></span> <span class='ocrx_word' id='word_1_174' title='bbox 364 1819 523 1875; x_wconf 81' lang='lat' dir='ltr'><strong><em>solvebatur</em></strong></span> <span class='ocrx_word' id='word_1_175' title='bbox 532 1819 640 1873; x_wconf 86' lang='lat' dir='ltr'><strong><em>militia.</em></strong></span> 
     </span>
    </p>

    <p class='ocr_par' dir='ltr' id='par_1_5' title="bbox 34 1883 896 2234">
     <span class='ocr_line' id='line_1_26' title="bbox 88 1883 896 1956; baseline 0.004 -18"><span class='ocrx_word' id='word_1_176' title='bbox 88 1884 178 1938; x_wconf 80' lang='lat' dir='ltr'>XLV.</span> <span class='ocrx_word' id='word_1_177' title='bbox 197 1883 243 1938; x_wconf 81' lang='lat' dir='ltr'><strong><em>Sic</em></strong></span> <span class='ocrx_word' id='word_1_178' title='bbox 262 1890 427 1955; x_wconf 82' lang='lat' dir='ltr'><strong><em>compositis</em></strong></span> <span class='ocrx_word' id='word_1_179' title='bbox 440 1890 642 1956; x_wconf 88' lang='lat' dir='ltr'><strong><em>praesentibus,</em></strong></span> <span class='ocrx_word' id='word_1_180' title='bbox 662 1887 737 1941; x_wconf 87' lang='lat' dir='ltr'><strong><em>baud</em></strong></span> <span class='ocrx_word' id='word_1_181' title='bbox 757 1889 848 1941; x_wconf 86' lang='lat' dir='ltr'><strong><em>minor</em></strong></span> <span class='ocrx_word' id='word_1_182' title='bbox 891 1892 896 1909; x_wconf 87' lang='lat'><strong><em>¹</em></strong></span> 
     </span>
     <span class='ocr_line' id='line_1_27' title="bbox 35 1953 847 2026; baseline 0.005 -20"><span class='ocrx_word' id='word_1_183' title='bbox 35 1953 128 2007; x_wconf 87' lang='lat' dir='ltr'><strong><em>moles</em></strong></span> <span class='ocrx_word' id='word_1_184' title='bbox 138 1962 297 2021; x_wconf 80' lang='lat' dir='ltr'><strong><em>supererat,</em></strong></span> <span class='ocrx_word' id='word_1_185' title='bbox 311 1959 347 2009; x_wconf 92' lang='lat' dir='ltr'><strong><em>ob</em></strong></span> <span class='ocrx_word' id='word_1_186' title='bbox 358 1956 489 2014; x_wconf 79' lang='lat' dir='ltr'><strong><em>ferociam</em></strong></span> <span class='ocrx_word' id='word_1_187' title='bbox 501 1960 615 2026; x_wconf 87' lang='lat' dir='ltr'><strong><em>quintae</em></strong></span> <span class='ocrx_word' id='word_1_188' title='bbox 626 1965 655 2011; x_wconf 87' lang='lat' dir='ltr'><strong><em>et</em></strong></span> <span class='ocrx_word' id='word_1_189' title='bbox 664 1961 847 2026; x_wconf 62' lang='lat' dir='ltr'><strong><em>unaetvicesi</em></strong></span> 
     </span>
     <span class='ocr_line' id='line_1_28' title="bbox 35 2023 846 2094; baseline 0.007 -20"><span class='ocrx_word' id='word_1_190' title='bbox 35 2037 98 2076; x_wconf 88' lang='lat' dir='ltr'><strong><em>mae</em></strong></span> <span class='ocrx_word' id='word_1_191' title='bbox 109 2023 261 2092; x_wconf 78' lang='lat' dir='ltr'><strong><em>legionum,</em></strong></span> <span class='ocrx_word' id='word_1_192' title='bbox 276 2029 479 2094; x_wconf 85' lang='lat' dir='ltr'><strong><em>sexagesimum</em></strong></span> <span class='ocrx_word' id='word_1_193' title='bbox 490 2029 565 2094; x_wconf 82' lang='lat' dir='ltr'><strong><em>apud</em></strong></span> <span class='ocrx_word' id='word_1_194' title='bbox 574 2028 694 2094; x_wconf 89' lang='lat' dir='ltr'><strong><em>lapidem</em></strong></span> <span class='ocrx_word' id='word_1_195' title='bbox 705 2028 781 2091; x_wconf 87' lang='lat' dir='ltr'><strong><em>(loco</em></strong></span> <span class='ocrx_word' id='word_1_196' title='bbox 798 2026 846 2080; x_wconf 78' lang='lat' dir='ltr'><strong><em>Vs·</em></strong></span> 
     </span>
     <span class='ocr_line' id='line_1_29' title="bbox 34 2093 845 2164; baseline 0.002 -20"><span class='ocrx_word' id='word_1_197' title='bbox 34 2101 97 2145; x_wconf 84' lang='lat' dir='ltr'><strong><em>tera</em></strong></span> <span class='ocrx_word' id='word_1_198' title='bbox 105 2108 212 2146; x_wconf 89' lang='lat' dir='ltr'><strong><em>nomen</em></strong></span> <span class='ocrx_word' id='word_1_199' title='bbox 223 2097 276 2158; x_wconf 78' lang='lat' dir='ltr'><strong><em>ert)</em></strong></span> <span class='ocrx_word' id='word_1_200' title='bbox 286 2093 499 2150; x_wconf 81' lang='lat' dir='ltr'><strong><em>hibernentium.</em></strong></span> <span class='ocrx_word' id='word_1_201' title='bbox 514 2112 578 2148; x_wconf 89' lang='lat' dir='ltr'><strong><em>nam</em></strong></span> <span class='ocrx_word' id='word_1_202' title='bbox 590 2099 670 2164; x_wconf 87' lang='lat' dir='ltr'><strong><em>primi</em></strong></span> <span class='ocrx_word' id='word_1_203' title='bbox 680 2098 845 2152; x_wconf 88' lang='lat' dir='ltr'><strong><em>seditionem</em></strong></span> 
     </span>
     <span class='ocr_line' id='line_1_30' title="bbox 34 2164 845 2234; baseline 0.005 -22"><span class='ocrx_word' id='word_1_204' title='bbox 34 2167 251 2229; x_wconf 84' lang='lat' dir='ltr'><strong><em>coeptaverant:</em></strong></span> <span class='ocrx_word' id='word_1_205' title='bbox 272 2165 474 2218; x_wconf 85' lang='lat' dir='ltr'><strong><em>atrocissimum</em></strong></span> <span class='ocrx_word' id='word_1_206' title='bbox 486 2167 616 2234; x_wconf 88' lang='lat' dir='ltr'><strong><em>quodque</em></strong></span> <span class='ocrx_word' id='word_1_207' title='bbox 627 2167 734 2219; x_wconf 87' lang='lat' dir='ltr'><strong><em>facinus</em></strong></span> <span class='ocrx_word' id='word_1_208' title='bbox 744 2164 845 2218; x_wconf 86' lang='lat' dir='ltr'><strong><em>horum</em></strong></span> 
     </span>
    </p>
   </div>
   <div class='ocr_carea' id='block_1_5' title="bbox 30 2217 967 2374">
    <p class='ocr_par' dir='ltr' id='par_1_6' title="bbox 30 2217 967 2374">
     <span class='ocr_line' id='line_1_31' title="bbox 32 2217 967 2302; baseline 0.004 -21"><span class='ocrx_word' id='word_1_209' title='bbox 32 2233 165 2284; x_wconf 88' lang='lat' dir='ltr'><strong><em>manibus</em></strong></span> <span class='ocrx_word' id='word_1_210' title='bbox 181 2236 335 2298; x_wconf 84' lang='lat' dir='ltr'><strong><em>patratum:</em></strong></span> <span class='ocrx_word' id='word_1_211' title='bbox 355 2249 407 2287; x_wconf 85' lang='lat' dir='ltr'><strong><em>nec</em></strong></span> <span class='ocrx_word' id='word_1_212' title='bbox 424 2251 514 2302; x_wconf 89' lang='lat' dir='ltr'><strong><em>poena</em></strong></span> <span class='ocrx_word' id='word_1_213' title='bbox 524 2237 743 2288; x_wconf 89' lang='lat' dir='ltr'><strong><em>commilitonum</em></strong></span> <span class='ocrx_word' id='word_1_214' title='bbox 753 2241 844 2288; x_wconf 82' lang='lat' dir='ltr'><strong><em>exter·</em></strong></span> <span class='ocrx_word' id='word_1_215' title='bbox 860 2276 863 2280; x_wconf 62' lang='grc'>,</span> <span class='ocrx_word' id='word_1_216' title='bbox 923 2281 927 2285; x_wconf 86' lang='lat'>.</span> <span class='ocrx_word' id='word_1_217' title='bbox 964 2217 967 2219; x_wconf 9' lang='grc' dir='ltr'><strong>Α</strong></span> 
     </span>
     <span class='ocr_line' id='line_1_32' title="bbox 30 2301 947 2374; baseline 0.01 -24"><span class='ocrx_word' id='word_1_218' title='bbox 30 2301 90 2363; x_wconf 89' lang='lat' dir='ltr'><strong><em>riti,</em></strong></span> <span class='ocrx_word' id='word_1_219' title='bbox 101 2315 155 2353; x_wconf 84' lang='lat' dir='ltr'><strong><em>nee</em></strong></span> <span class='ocrx_word' id='word_1_220' title='bbox 165 2303 340 2368; x_wconf 87' lang='lat' dir='ltr'><strong><em>poenitentia</em></strong></span> <span class='ocrx_word' id='word_1_221' title='bbox 350 2307 483 2374; x_wconf 79' lang='lat' dir='ltr'><strong><em>conversi,</em></strong></span> <span class='ocrx_word' id='word_1_222' title='bbox 494 2305 550 2358; x_wconf 88' lang='lat' dir='ltr'><strong><em>iras</em></strong></span> <span class='ocrx_word' id='word_1_223' title='bbox 560 2307 726 2358; x_wconf 83' lang='lat' dir='ltr'><strong><em>retinebant.</em></strong></span> <span class='ocrx_word' id='word_1_224' title='bbox 754 2306 854 2372; x_wconf 84' lang='lat' dir='ltr'><strong><em>igitur.</em></strong></span> <span class='ocrx_word' id='word_1_225' title='bbox 944 2316 947 2321; x_wconf 80' lang='grc'><strong>“</strong></span> 
     </span>
    </p>
   </div>
   <div class='ocr_carea' id='block_1_6' title="bbox 33 2369 908 2506">
    <p class='ocr_par' dir='ltr' id='par_1_7' title="bbox 33 2369 908 2506">
     <span class='ocr_line' id='line_1_33' title="bbox 33 2369 843 2441; baseline 0.006 -22"><span class='ocrx_word' id='word_1_226' title='bbox 33 2369 138 2422; x_wconf 77' lang='lat' dir='ltr'><strong><em>Caesar</em></strong></span> <span class='ocrx_word' id='word_1_227' title='bbox 148 2383 237 2433; x_wconf 85' lang='lat' dir='ltr'><strong><em>arma,</em></strong></span> <span class='ocrx_word' id='word_1_228' title='bbox 252 2369 377 2434; x_wconf 84' lang='lat' dir='ltr'><strong><em>classem,</em></strong></span> <span class='ocrx_word' id='word_1_229' title='bbox 388 2375 477 2424; x_wconf 85' lang='lat' dir='ltr'><strong><em>sorios</em></strong></span> <span class='ocrx_word' id='word_1_230' title='bbox 488 2375 635 2426; x_wconf 89' lang='lat' dir='ltr'><strong><em>demittere</em></strong></span> <span class='ocrx_word' id='word_1_231' title='bbox 643 2373 743 2426; x_wconf 87' lang='lat' dir='ltr'><strong><em>Rheno</em></strong></span> <span class='ocrx_word' id='word_1_232' title='bbox 754 2369 843 2441; x_wconf 77' lang='lat' dir='ltr'><strong><em>paret,</em></strong></span> 
     </span>
     <span class='ocr_line' id='line_1_34' title="bbox 33 2438 908 2506; baseline 0.013 -20"><span class='ocrx_word' id='word_1_233' title='bbox 33 2438 55 2486; x_wconf 87' lang='lat' dir='ltr'><strong><em>si</em></strong></span> <span class='ocrx_word' id='word_1_234' title='bbox 66 2439 219 2506; x_wconf 90' lang='lat' dir='ltr'><strong><em>imperium</em></strong></span> <span class='ocrx_word' id='word_1_235' title='bbox 230 2440 411 2504; x_wconf 89' lang='lat' dir='ltr'><strong><em>detrectetur,</em></strong></span> <span class='ocrx_word' id='word_1_236' title='bbox 421 2443 496 2496; x_wconf 91' lang='lat' dir='ltr'><strong><em>bello</em></strong></span> <span class='ocrx_word' id='word_1_237' title='bbox 507 2449 673 2496; x_wconf 86' lang='lat' dir='ltr'><strong><em>certaturus.</em></strong></span> <span class='ocrx_word' id='word_1_238' title='bbox 905 2451 908 2454; x_wconf 82' lang='grc'>’</span> 
     </span>
    </p>
   </div>
   <div class='ocr_carea' id='block_1_7' title="bbox 83 2497 946 2586">
    <p class='ocr_par' dir='ltr' id='par_1_8' title="bbox 83 2497 946 2586">
     <span class='ocr_line' id='line_1_35' title="bbox 83 2497 946 2586; baseline -0.001 -26"><span class='ocrx_word' id='word_1_239' title='bbox 83 2507 188 2560; x_wconf 82' lang='lat' dir='ltr'><strong>XLVI.</strong></span> <span class='ocrx_word' id='word_1_240' title='bbox 206 2509 242 2559; x_wconf 81' lang='lat' dir='ltr'><strong><em>At</em></strong></span> <span class='ocrx_word' id='word_1_241' title='bbox 260 2509 373 2574; x_wconf 87' lang='lat' dir='ltr'><strong><em>Romae,</em></strong></span> <span class='ocrx_word' id='word_1_242' title='bbox 393 2513 515 2564; x_wconf 90' lang='lat' dir='ltr'><strong><em>nondum</em></strong></span> <span class='ocrx_word' id='word_1_243' title='bbox 536 2515 660 2580; x_wconf 81' lang='lat' dir='ltr'><strong><em>cognito,</em></strong></span> <span class='ocrx_word' id='word_1_244' title='bbox 679 2514 727 2586; x_wconf 74' lang='lat' dir='ltr'><strong><em>qui</em></strong></span> <span class='ocrx_word' id='word_1_245' title='bbox 746 2497 845 2562; x_wconf 76' lang='lat' dir='ltr'><strong><em>suisset</em></strong></span> <span class='ocrx_word' id='word_1_246' title='bbox 914 2502 920 2508; x_wconf 69' lang='grc'>’</span> <span class='ocrx_word' id='word_1_247' title='bbox 942 2513 946 2521; x_wconf 81' lang='lat'><em>&#39;</em></span> 
     </span>
    </p>
   </div>
   <div class='ocr_carea' id='block_1_8' title="bbox 29 2576 845 2714">
    <p class='ocr_par' dir='ltr' id='par_1_9' title="bbox 29 2576 845 2714">
     <span class='ocr_line' id='line_1_36' title="bbox 32 2576 844 2648; baseline 0.009 -22"><span class='ocrx_word' id='word_1_248' title='bbox 32 2576 124 2627; x_wconf 84' lang='lat' dir='ltr'><strong><em>exitus</em></strong></span> <span class='ocrx_word' id='word_1_249' title='bbox 134 2578 166 2628; x_wconf 89' lang='lat' dir='ltr'><strong><em>in</em></strong></span> <span class='ocrx_word' id='word_1_250' title='bbox 176 2577 307 2644; x_wconf 88' lang='lat' dir='ltr'><strong><em>lllyrieo,</em></strong></span> <span class='ocrx_word' id='word_1_251' title='bbox 325 2586 354 2631; x_wconf 89' lang='lat' dir='ltr'><strong><em>et</em></strong></span> <span class='ocrx_word' id='word_1_252' title='bbox 368 2581 509 2648; x_wconf 86' lang='lat' dir='ltr'><strong><em>legionum</em></strong></span> <span class='ocrx_word' id='word_1_253' title='bbox 525 2582 750 2634; x_wconf 83' lang='lat' dir='ltr'><strong><em>Germanicarum</em></strong></span> <span class='ocrx_word' id='word_1_254' title='bbox 765 2581 844 2632; x_wconf 72' lang='lat' dir='ltr'><strong><em>mutu</em></strong></span> 
     </span>
     <span class='ocr_line' id='line_1_37' title="bbox 29 2641 845 2714; baseline -0.004 -20"><span class='ocrx_word' id='word_1_255' title='bbox 29 2646 139 2709; x_wconf 85' lang='lat' dir='ltr'><strong><em>audito,</em></strong></span> <span class='ocrx_word' id='word_1_256' title='bbox 150 2646 264 2713; x_wconf 83' lang='lat' dir='ltr'><strong><em>trepida</em></strong></span> <span class='ocrx_word' id='word_1_257' title='bbox 274 2648 369 2699; x_wconf 75' lang='lat' dir='ltr'><strong><em>eisitan</em></strong></span> <span class='ocrx_word' id='word_1_258' title='bbox 379 2651 507 2702; x_wconf 70' lang='lat' dir='ltr'><strong><em>incusare</em></strong></span> <span class='ocrx_word' id='word_1_259' title='bbox 517 2651 673 2713; x_wconf 82' lang='lat' dir='ltr'><strong><em>Tiberium,</em></strong></span> <span class='ocrx_word' id='word_1_260' title='bbox 693 2645 772 2714; x_wconf 80' lang='lat' dir='ltr'><strong><em>quod,</em></strong></span> <span class='ocrx_word' id='word_1_261' title='bbox 783 2641 845 2690; x_wconf 73' lang='lat' dir='ltr'><strong><em>ditm</em></strong></span> 
     </span>
    </p>
   </div>
   <div class='ocr_carea' id='block_1_9' title="bbox 0 0 1022 3025">
    <p class='ocr_par' dir='ltr' id='par_1_10' title="bbox 0 0 1022 3025">
     <span class='ocr_line' id='line_1_38' title="bbox 0 0 1022 3025; baseline 0 0"><span class='ocrx_word' id='word_1_262' title='bbox 0 0 1022 3025; x_wconf 95' lang='lat' dir='ltr'><strong><em> </em></strong></span> 
     </span>
    </p>
   </div>
  </div>
 </body>
</html>
