2034 3025
136 129 185 181 nn
210 200 211 204 Ν
255 101 480 182 suusmvn
499 121 809 197 [namucus]

135 240 440 300 monerent,'puratum
451 234 476 308 ei
485 250 625 308 uenenum,
644 235 771 290 uisendas
781 233 867 285 soceri
876 250 941 301 epa-

134 303 182 353 las.
216 306 307 370 Atque
319 303 382 364 ills,
399 302 608 354 simulationum
621 305 729 366 nescia,
751 304 814 354 cum
825 310 942 370 propter

24 417 30 430 ,
121 371 346 438 discumberet,
356 387 412 424 ison
429 371 509 423 vultu
525 378 574 422 aut
589 387 719 424 sermone
734 371 824 433 tlecti,
846 370 948 425 nullos⁴

133 441 283 508 adtingere
294 436 380 492 eibos:
403 441 780 504 donecadrertitTiberins,
798 441 887 503 forte,
904 455 940 491 an

133 511 198 577 quia
210 511 363 574 audiverat.
389 510 470 577 idque
483 525 537 576 quo
549 509 640 561 acrius
652 512 838 576 experiretur,
850 523 942 576 poma,
970 569 973 574 Ι

133 584 165 630 ut
177 587 257 630 erant
269 579 406 644 adposita,
419 578 551 640 laudans,
562 579 646 629 nurui
656 595 708 630 sua
718 594 802 630 manu
813 578 942 630 tradidit.

87 662 91 668 “
107 675 109 680 f
133 654 215 699 aucta
226 661 261 698 ex
273 662 305 700 co
317 648 438 713 suspicio
449 649 629 716 Agrippinae,
651 654 681 698 et
691 649 799 698 intacta
809 662 871 710 ore,
884 662 943 698 ser-

134 716 323 768 vistramisitf
355 731 407 768 nec
424 719 635 770 tamen'l'iberii
653 731 707 768 vox
724 730 819 768 coram
834 722 942 778 secuta,

40 827 47 832 .
133 786 183 838 sed
195 786 329 837 obversus
342 786 376 836 ad
387 793 520 849 matrem,
540 803 593 839 noa
602 785 711 847 anirum,
731 787 786 849 ait,
797 785 895 853 siquid
903 802 943 836 se·

133 853 220 906 uerius
227 848 260 906 in
271 871 329 906 euris
340 855 491 918 statuisset,
508 872 525 906 a
534 871 588 924 qua
598 854 720 924 scapis-ii
727 855 941 907 insimularetur.

133 923 202 974 lude
218 939 329 986 rumor,
344 925 446 992 parari
459 921 585 976 exitium:
604 940 688 990 neque
703 923 734 975 id
746 924 942 990 Imperatorem

76 997 83 1006 ⁸
132 993 342 1060 palamaudere,
353 1003 481 1046 secretum
492 991 744 1061 adperpetrandum
754 991 857 1058 quaeri.

187 1061 245 1112 LV.
267 1061 321 1112 Sed
335 1065 450 1126 Caesar,
472 1078 526 1130 quo
542 1062 644 1113 farriam
661 1067 818 1124 averteret,
840 1061 942 1114 adesse

106 1155 107 1158 ¹
131 1129 269 1198 ‘frequens
292 1129 428 1196 Senatui,
448 1133 616 1199 legatosque
634 1132 732 1194 Asiae,
758 1132 943 1198 anrbigentes‚

137 1214 252 1264 quanam
265 1199 295 1251 ia
309 1200 419 1253 ciuitate
435 1203 562 1268 ternplum
581 1206 762 1263 statueretur,
781 1201 869 1266 pluris
891 1215 942 1266 per
981 1245 985 1248 .

137 1269 197 1320 dies
209 1269 323 1320 audivit.
359 1270 493 1322 vndecim
506 1271 589 1321 urbes
601 1265 762 1332 certabant,
783 1272 844 1335 pari
855 1270 943 1320 ambi·

44 1350 49 1358 ·
137 1339 224 1400 tione,
236 1338 339 1388 viribus
351 1340 488 1391 diversae.
523 1353 614 1406 neque
626 1340 745 1390 multum
756 1339 892 1390 distantia
902 1339 944 1388 in·

136 1413 183 1458 ter
196 1423 227 1459 se
243 1410 450 1472 memorabant,
470 1409 501 1458 de
521 1417 653 1460 uetustate
669 1407 792 1478 generis,
808 1408 895 1459 studio
913 1407 944 1459 ia

137 1474 273 1545 ,Populum
283 1473 446 1542 Romanum,
453 1494 506 1547 per
516 1477 585 1531 bella
595 1476 674 1531 Persi
684 1475 869 1531 etAris'touici
877 1475 945 1529 alia·

137 1562 248 1615 rumque
267 1546 381 1617 Regum.
417 1549 524 1601 Verum
544 1550 722 1615 Hypaepeni,
743 1547 944 1614 Trallianique,

139 1614 306 1669 Laodicenis
319 1624 351 1667 ac
362 1618 543 1685 Magnetibus
555 1619 646 1677 simul,
659 1618 791 1678 tramissi,
801 1623 835 1666 ut
844 1631 942 1682 parum

138 1684 231 1736 validi.
267 1686 308 1737 Ne
318 1687 437 1739 ilienses
449 1688 570 1755 quidem,
590 1694 799 1751 comparentem
807 1685 881 1735 ardis
890 1683 945 1734 lio-

137 1767 195 1803 mae
210 1751 321 1806 Troiam
331 1756 480 1817 referrent,
492 1756 547 1805 nisi
558 1754 734 1820 antiquitatis
746 1752 845 1817 gloria,
857 1752 944 1816 polle-

139 1828 215 1873 oant.
251 1824 374 1890 paullum
397 1823 604 1885 addubitatum,
635 1822 708 1889 quod
730 1820 943 1882 Halicarnassii,

138 1888 209 1943 mille
220 1900 248 1943 et
261 1894 385 1945 ducentos
397 1909 450 1961 per
465 1908 561 1954 annos,
580 1892 653 1942 nullo
666 1898 740 1940 motu
755 1898 846 1941 terrae
865 1898 944 1941 nuta·

137 1958 206 2010 aisse
221 1962 294 2013 sedes
309 1977 386 2026 suas,
404 1962 515 2029 uisoque
528 1960 558 2012 iu
572 1972 639 2011 saxo
653 1958 836 2031 ficudamentu
851 1958 944 2026 templi

57 2029 60 2033 “
82 2039 89 2057 “
137 2028 368 2083 adseueraaeraat.
402 2030 593 2097 Pergamenos
613 2031 661 2090 (eo
683 2030 744 2093 ipso
767 2028 954 2088 nitebantur)‘

136 2097 346 2167 aedadugusto
358 2100 397 2152 ibi
408 2101 472 2162 sita,
484 2099 553 2149 satis
564 2098 682 2163 adeptos
694 2097 840 2148 creditum.
852 2095 944 2163 Ephe·

101 2164 355 2238 3‘siiMilesiique,
377 2168 406 2220 hi
416 2164 568 2236 Apollinis,
589 2167 632 2218 illi
647 2167 756 2219 Dianae
772 2166 943 2218 caerimonia

65 2248 69 2255 ·
137 2240 315 2303 occupavisse
328 2239 456 2290 civitates
467 2236 529 2289 visi.
550 2238 595 2288 lta
605 2236 756 2290 Sardianos
766 2234 944 2303 intorSmyr·

137 2306 485 2375 aesosquedeliberatum.
518 2305 647 2358 Sardiani
657 2308 800 2358 decretum
812 2306 943 2357 Etruriae

138 2377 306 2439 recitavere,
327 2382 360 2428 ut
377 2376 587 2443 consanguinei.
623 2392 688 2427 nam
707 2374 876 2445 Tyrrhenum
888 2373 956 2441 Ly·-

73 2457 77 2463 ’
139 2445 264 2514 delinque,
278 2445 347 2515 Alpe
356 2444 433 2515 Rege
440 2444 560 2515 genitos,
579 2445 610 2497 ob
620 2444 813 2498 multitudinem
822 2442 942 2498 divisisse

131 2508 172 2561 5⁰
181 2526 255 2568 dem:
274 2514 378 2584 Lydum
385 2515 489 2584 patriis
499 2514 529 2567 iu
538 2515 620 2567 terris
633 2514 778 2574 resedisse;
801 2511 942 2582 Tyrrheno

132 2583 162 2631 02
170 2592 244 2648 qua,
263 2594 387 2637 aonas‘as
398 2586 524 2638 conderet
535 2586 624 2637 sedes:
643 2593 672 2635 et
683 2581 790 2635 Ducum
804 2600 818 2634 e
831 2580 943 2635 nomini·

130 2646 292 2717 pudicisdita
310 2654 451 2729 uocabula,
470 2654 527 2708 illis
541 2670 594 2723 per
607 2652 714 2720 Asiam,
734 2651 775 2704 bie
795 2651 825 2706 iu
842 2649 942 2705 ltalia.-
