2034 3025
8 191 11 217 .
80 104 781 199 niano.cneci-ms[evannum]
808 126 857 185 149

7 251 12 263 ‘
65 233 511 302 crebratransfugicTribonorum
519 233 782 299 centurionumque.
793 248 858 283 nam

65 306 199 376 gregarius
210 303 290 355 miles
301 304 469 356 induruerat
479 317 530 369 pro
541 302 672 355 'Vitellios
700 302 789 353 dooec
799 301 858 352 Pri·
882 317 888 324 ·

64 373 325 440 scusetlllphenus,
343 371 468 423 desertis
476 372 592 433 castris,
616 370 653 421 ad
662 370 807 422 Vitellium
817 386 860 421 re·
898 378 912 393 *

8 439 9 468 n
65 444 158 513 messi,
176 443 284 509 pudore
293 441 466 507 proditionis
476 446 592 492 cunctos
604 440 790 490 exsolverent.

110 511 193 564 LXII.
212 510 315 561 lisdem
324 509 424 561 diebus
435 510 538 561 Fabius
551 510 656 561 Valens
666 508 764 559 Vrbini
774 510 802 559 in
815 523 859 560 cu·

65 578 341 634 etodiainterlicitor.
377 579 472 648 Caput
487 580 548 630 eius
559 578 723 629 Vitellianis
739 576 861 629 cohorti·

64 654 114 702 bus
123 653 304 710 ostentatum,
313 664 352 699 nc
360 662 444 715 quam
454 649 530 698 ultra
541 663 617 713 spem
629 646 767 699 foverent.
787 662 860 708 narn,

62 718 206 788 pervasisse
213 716 244 769 s'n
256 715 419 770 Germanias
433 714 588 779 Valentem,
604 724 631 767 et
640 726 741 769 veteres
750 716 860 767 illicne*
949 716 955 727 ⁴

64 802 153 855 vosque
164 785 298 839 exercitas
307 786 387 850 mese,
405 787 568 848 credebant.
600 786 670 838 Visa
681 785 765 837 caede
775 787 803 836 iu
815 786 868 838 dev

64 858 248 925 sperationem
259 857 343 908 versi.
371 855 562 907 etFlavianus
573 856 725 917 exeremus,
748 856 861 907 inmane

63 931 193 995 quantum
212 928 305 979 animo
325 926 444 977 exitium
462 923 605 986 Valentis,
633 931 665 977 ut
678 925 762 976 finem
782 926 861 988 belli,

62 997 174 1062 aceepit.
209 994 300 1047 Natus
311 1000 374 1045 erat
383 994 490 1046 Valens
500 994 658 1059 Anagniae,
678 996 810 1061 Equestri
823 994 862 1045 fa·

62 1066 147 1117 milim
175 1078 280 1133 procax
299 1063 440 1123 moribus,
470 1077 561 1128 neque
581 1062 717 1113 absurdus
737 1065 860 1130 ingenio,

61 1136 161 1186 famam
178 1132 349 1183 urbanitatis
368 1146 419 1197 per
429 1130 576 1183 lasciviam
595 1135 701 1195 petere.
738 1132 860 1183 Ludiero

59 1203 228 1255 iuvenalium
238 1202 290 1263 sub
300 1199 425 1262 Nerone,
448 1200 526 1250 velut
538 1214 573 1249 ex
583 1202 772 1263 necessitate,
796 1216 862 1254 mox
926 1210 930 1218 “

60 1278 174 1339 sponte,
203 1272 302 1324 mimos
313 1271 456 1331 actitavit,
483 1270 555 1320 scite
570 1271 659 1336 magis
671 1286 752 1336 quam
765 1272 861 1336 probe.

59 1341 184 1409 Legatos
203 1340 326 1406 legionis
347 1344 377 1388 ct
395 1337 467 1389 fovit
477 1338 641 1403 Verginium
662 1344 691 1387 et
707 1338 861 1389 infamavit.

58 1410 208 1463 Fonteium
221 1409 386 1473 Capitonem
400 1414 579 1471 comptum,
600 1423 651 1457 seu
661 1408 727 1472 quia
737 1421 862 1457 concrim-

58 1492 125 1547 pere
136 1478 318 1544 nequiverat,
337 1475 491 1527 interfecit.
529 1474 635 1526 Galbae
647 1475 787 1541 proditor:
815 1475 862 1533 Vi.-

57 1548 137 1600 tellio
148 1547 221 1599 lidus
232 1552 261 1598 et
272 1546 391 1597 aliorum
401 1545 521 1610 pertidia
530 1545 707 1596 inlustratus.
854 1548 861 1562 ¹

110 1613 212 1667 LXlll.
230 1615 356 1679 Abrupta
365 1613 488 1679 undique
499 1627 563 1680 spe,
590 1613 760 1668 Vitellianus
771 1615 863 1676 miles,

57 1687 231 1738 transiturus
246 1684 276 1733 in
293 1688 401 1749 partes,
431 1681 460 1732 id
476 1697 587 1749 quoquc
603 1697 659 1732 nou
676 1685 737 1734 sine
749 1685 863 1746 decore,

58 1756 111 1808 scd
122 1756 174 1806 sub
185 1755 275 1822 signis
285 1752 452 1822 vexillisque
463 1753 492 1801 in
507 1753 650 1804 subiectos
659 1750 782 1805 Narniae
794 1769 865 1804 cam·

55 1840 109 1892 pos
123 1823 305 1876 descendere.
340 1821 490 1873 Flavianus
505 1822 661 1885 exeremus,
689 1828 721 1873 ut
737 1823 772 1874 ad
785 1837 865 1888 proe-

54 1895 136 1956 lium,
156 1896 283 1944 intentus
295 1896 481 1958 ornatusque,
510 1889 606 1940 densis
623 1891 864 1943 dicaviamordi-

54 1964 157 2025 nibus,
186 1962 346 2014 adstiterat.
385 1959 549 2024 Acceptiin
569 1959 691 2011 medium
711 1961 863 2013 Vitelliani.

55 2038 87 2086 et
97 2031 288 2084 circumdatos
299 2029 409 2082 Primus
424 2029 563 2080 Antonius
574 2030 727 2083 clementer
738 2031 863 2100 adloqui-

53 2108 114 2153 tur.
141 2116 209 2168 pars
220 2099 355 2163 Narniae,
369 2115 438 2165 pars
447 2096 620 2150 interamnae
630 2099 773 2154 subsistere
784 2102 863 2155 iussi.

52 2170 179 2223 relictae
194 2169 278 2220 simid
294 2183 310 2219 e
324 2169 486 2220 victricibus
501 2169 647 2235 legiones,
677 2187 769 2240 neque
786 2171 861 2237 quie-

51 2240 205 2292 scentibus
215 2253 329 2305 graves,
349 2243 379 2290 et
389 2237 525 2290 adversus
534 2241 736 2302 contumaciam
747 2238 863 2290 validae.

50 2308 122 2364 Νοιι
134 2309 258 2361 omisere
268 2322 319 2373 per
329 2323 379 2358 eos
389 2307 449 2358 dies
461 2306 570 2358 Primus
582 2323 614 2358 ac
623 2308 731 2371 Varus,
755 2308 865 2359 crebris

49 2381 170 2432 nuntiis
179 2379 294 2429 salntem
304 2374 482 2444 etpecnm'am
490 2385 519 2428 et
530 2386 634 2428 secreta
649 2374 813 2459 Campaniae
824 2375 865 2430 of·
930 2413 933 2418 ·

47 2447 135 2501 ferre
145 2447 276 2509 Vitellio,
292 2445 331 2510 ss',
342 2445 549 2512 positisarmis,
567 2462 645 2515 seque
655 2463 687 2498 ac
697 2447 865 2499 Isdermsnos

54 2515 230 2584 Vespasiano
240 2515 414 2582 permisisset.
449 2516 480 2566 ln
496 2516 615 2567 eundem
633 2517 744 2568 modum
761 2521 791 2568 et
805 2517 869 2564 Mu·

47 2587 159 2638 cianus
169 2588 327 2652 composuit
337 2585 484 2652 epistolas:
514 2587 613 2652 quibus
625 2585 789 2652 plerumque
799 2583 870 2635 lide-

46 2671 84 2709 re
98 2657 258 2723 vitellius,
285 2655 358 2708 aede
371 2670 643 2717 numeroserooram,
671 2655 798 2706 electione
807 2653 868 2706 lite

637 2883 643 2914 l
