2034 3025
125 129 748 186 rvr.11nnnrc.vnrncnr.na-2a
793 133 844 185 aar

57 208 845 302 mm

55 310 118 368 tum,
131 311 159 354 ut
169 309 361 373 provocantes,
377 304 557 357 addiderant:
574 304 846 423 regrediendampue

15 383 16 388 ¹
57 373 119 423 eitra
127 373 296 435 Bodotriam,
310 378 338 424 et
347 373 536 426 excedendum
548 372 647 440 potius,
667 388 749 440 qnam
760 387 794 439 pe
807 373 845 426 le·

55 448 155 505 rentur,
172 441 264 506 specio
275 441 452 508 prudentium
463 443 556 511 ignavi
566 442 765 494 admonebant:
783 456 845 493 cum

55 511 155 562 interim
166 512 315 576 cognoscit,
321 507 415 563 hostes
424 512 550 578 pluribus
555 512 710 580 agminibus
721 512 846 577 inruptu-

55 593 104 630 ros.
136 579 181 641 lic,
201 593 236 630 ne
250 587 401 643 superante
416 596 534 634 numero
555 586 584 632 et
602 581 703 647 peritia
717 580 844 631 locorum

54 647 248 710 circumiretur,
268 647 355 708 diviso
366 655 396 702 et
409 651 468 717 ipse
484 651 513 701 in
527 656 586 704 tres
606 654 699 717 partes
719 649 845 701 exercitu

53 718 163 766 incessit.
227 733 230 736 ·

101 817 196 871 XXVI.
232 819 313 882 Quod
323 820 370 873 ubi
381 822 522 890 cognitum
532 818 615 883 hosti,
629 826 738 874 mutato
749 836 846 888 repen·

51 893 79 938 te
90 887 210 951 consilio,¹
221 891 343 942 universi
354 905 454 942 nonam
465 891 612 958 legionem,
633 897 665 942 ut
674 893 795 943 maxime
805 891 847 941 in·

50 956 171 1020 validam,
182 963 263 1010 nocte
274 959 407 1026 adgressi,
423 961 495 1011 inter
505 975 632 1011 somnum
644 975 677 1012 ac
686 960 847 1025 trepidatio-

48 1040 109 1078 nem
120 1030 205 1079 eaesis
215 1027 361 1094 vigilibus,
380 1029 518 1092 inrupere.
554 1028 668 1093 lamque
682 1031 711 1078 in
725 1030 793 1094 ipsis
803 1043 847 1079 ca-

46 1097 111 1146 stris
121 1097 284 1162 pugnabant,
295 1111 357 1146 cum
367 1095 503 1162 Agricola,
512 1097 566 1146 iter
577 1093 697 1145 hostium
708 1098 743 1147 ab
754 1096 848 1162 explo-

45 1164 182 1231 ratoribus
194 1164 316 1227 edoctus,
327 1170 355 1215 et
364 1164 486 1231 vestigiis
497 1165 647 1227 insecutus,
657 1163 847 1216 velocissimos

44 1235 165 1300 equitum
176 1234 354 1301 peditumque
364 1233 505 1284 adsultare
517 1233 602 1300 tergis
611 1235 796 1300 pugnantium
807 1233 848 1283 iu-

13 1299 15 1302 ’
42 1306 99 1364 bet,
109 1317 172 1353 mox
182 1305 216 1354 ab
228 1305 361 1359 universis
372 1302 453 1353 adiici
465 1301 624 1352 clamorem.
648 1307 678 1352 ct
688 1304 847 1368 propinqua

35 1373 105 1438 ,luce
116 1370 219 1423 fulsere
229 1373 315 1438 signa.
344 1374 383 1421 ita
394 1371 507 1435 arrcipiti
521 1369 593 1420 malo
604 1371 696 1420 territi
706 1371 845 1420 Britanni:

39 1447 71 1494 et
86 1441 216 1490 Romanis
231 1440 303 1491 redit
317 1440 433 1500 animus,
452 1453 492 1500 ac,
513 1438 603 1496 securi
624 1437 659 1489 de
673 1439 774 1500 salute,
794 1451 845 1501 pro

36 1510 132 1580 gloria
143 1507 296 1559 certabant.
332 1506 408 1558 ultro
423 1508 489 1575 quin
506 1505 591 1557 etiam
605 1521 734 1572 erupere:
753 1512 782 1557 et
792 1506 846 1557 fuit

36 1585 123 1633 atrox
138 1578 167 1625 in
182 1578 250 1642 ipsis
265 1581 410 1641 portarurn
430 1576 567 1641 angustiis
583 1576 737 1640 proelium,
758 1575 846 1626 donee

34 1646 112 1719 pulsi
123 1643 231 1707 hostes3
249 1652 369 1711 utroque
380 1644 505 1696 exercitu
515 1648 649 1707 certante,
657 1643 718 1706 bis,
727 1648 759 1694 ut
768 1643 845 1695 tulis·
886 1652 894 1659 ’

33 1733 70 1773 se
82 1723 162 1779 opem
171 1732 185 1775 ,ν
198 1713 268 1775 illis,
290 1729 324 1765 ne
335 1716 442 1780 eguisse
452 1713 556 1763 auxilio
567 1713 736 1772 viderentur.
772 1713 845 1779 quod
881 1776 885 1779 Π

28 1785 90 1843 nisi
101 1782 218 1848 paludes
229 1789 257 1833 et
267 1782 352 1835 silvae
363 1781 504 1849 fugientes
512 1781 656 1843 messene,
675 1780 844 1834 debellatum

25 1856 86 1912 illa
96 1852 214 1903 'victoria
225 1850 307 1903 foret.

89 1953 207 2007 xxvii.
244 1955 327 2005 Cuius
342 1952 546 2005 constantiano
561 1949 636 2001 fama
646 1949 726 2002 ferox
742 1952 846 2004 exerci-

21 2038 90 2087 tus,
109 2022 182 2075 nibil
196 2022 297 2075 virtuti
309 2037 375 2075 suae
388 2021 505 2074 t'nos'um:
526 2018 721 2087 penetrandom‘
737 2018 846 2073 Caledo-

19 2095 126 2158 niam,
146 2091 384 2157 inveniendumque
399 2091 507 2143 tandem
522 2087 687 2141 Britanniae
701 2089 846 2141 terminum

18 2159 167 2224 continuo
183 2160 349 2226 proeliorum
373 2176 467 2221 cortu,
502 2158 667 2210 fremebant.
703 2164 786 2224 atque
805 2158 845 2207 illi

16 2230 122 2295 modo
139 2230 217 2281 cauti
232 2243 265 2279 ac
279 2230 426 2294 sapientes,
444 2230 567 2293 prompti
586 2230 651 2293 post
669 2232 797 2277 eventum
813 2240 846 2277 ac

15 2298 214 2367 magniloqui
224 2303 311 2350 erant.
346 2296 519 2363 iniquissima
530 2294 599 2347 baec
607 2293 743 2348 bellorum
754 2293 846 2343 condi«

13 2380 72 2433 tio
85 2374 144 2420 esti
161 2382 302 2435 ¹prospera
317 2380 413 2416 omnes
427 2364 479 2415 sibi
494 2363 648 2424 vindicant,
667 2362 782 2413 adversa
797 2364 845 2411 uni

14 2454 51 2505 ῃ,
57 2442 214 2510 putantur.
250 2434 423 2489 scoritano
433 2448 489 2483 non
502 2433 624 2492 virtute,
643 2429 692 2481 sed
703 2431 847 2481 occasione

14 2523 53 2574 et
69 2512 140 2559 arte
152 2520 219 2556 usos
230 2506 300 2567 rati,
320 2501 432 2555 nihilex
442 2502 609 2569 adrogantia
617 2499 773 2561 remittere,
793 2512 847 2565 quo

14 2586 128 2643 minus
144 2576 324 2626 iuventutem
333 2576 487 2633 armarent,
507 2571 641 2635 coniuges
655 2582 688 2619 ac
702 2568 804 2618 liberos
819 2568 847 2616 in

14 2664 95 2717 roca
105 2650 174 2697 tuta
184 2641 380 2707 transferrent,
401 2640 525 2693 coetibus
541 2652 574 2690 ac
586 2636 728 2691 saeriliciis
744 2638 849 2706 conspi-
