2034 3025
214 98 647 209 ursanavscrrasas.
686 208 688 213 Α
752 152 753 157 ¹
786 102 835 185 sn

25 217 831 241 ...-.---—--—*———----

25 278 49 309 ,ῃ
62 252 107 301 bis
118 248 308 307 orationibus,
327 259 395 311 quas
405 243 498 296 senior
508 242 564 291 iam
578 245 610 290 et
619 240 698 303 iuxta
709 236 790 289 linem
802 237 838 286 vi-

25 336 71 379 tae
92 318 265 386 composuit,
285 314 383 375 idest,
401 316 547 380 postquam
566 310 654 374 magis
672 306 838 372 profecerat,

25 405 138 457 usuque
150 393 180 452 et
190 384 386 451 experimentis
401 381 550 441 didicerat,
570 376 644 444 quod
656 378 790 442 optimum
803 373 840 424 di}

25 460 116 523 condi·
124 470 216 525 genus
232 459 314 506 esset
347 450 420 503 Nam
435 450 541 516 priores
557 449 616 498 eius
628 446 770 496 orationes
785 457 840 493 non

26 533 130 588 carent
150 524 226 577 vitiis
246 522 428 589 antiquitatis.
468 518 561 581 lentus
581 520 625 567 est
644 516 673 564 in
692 510 842 579 principiis,
905 523 909 532 ·

26 605 134 665 longus
145 596 176 645 in
185 590 400 653 narrationibus,
414 588 520 638 otiosus
532 586 605 637 circa
617 596 754 645 excessus,
763 578 842 631 tarde

29 670 234 725 commovetur,
253 674 318 711 raro
337 656 490 719 incalescit,
511 657 591 721 pauci
611 650 709 713 sensus
729 651 793 717 apte
814 654 853 699 et

30 756 96 795 eum
114 734 237 803 quodam
251 729 356 790 lumine
369 726 565 779 terminantur.
602 720 672 771 nibil
683 732 842 785 excerpere,

31 808 105 864 nibil
115 802 223 857 referre
235 800 335 866 possis}
353 796 478 861 ct,.velut
487 786 515 846 in
526 790 588 844 rudi
600 790 736 851 aedilicio,
746 790 843 855 firmus
922 806 931 815 -

31 895 102 931 sane
113 874 209 941 paries
219 877 247 921 et
262 863 426 929 duraturus,
444 864 494 917 sed
508 878 565 915 noa
579 862 648 916 satis
664 858 804 926 expolitus
816 862 845 907 et

33 944 195 1017 splendens.
224 940 290 1005 Ego
306 942 399 999 autem
413 940 569 995 oratorem,
589 931 661 983 sicut
675 928 843 995 locupletem

33 1036 67 1071 ac
78 1018 188 1069 lautum
200 1005 442 1075 patremfamilias,
462 1017 518 1053 non
529 1015 562 1053 eo
573 1004 681 1050 tantum
693 997 757 1059 volo
768 1000 844 1047 tecto

33 1090 103 1155 tegi,
117 1081 193 1153 quod
203 1079 320 1130 imbrem
330 1090 362 1125 ac
371 1079 484 1124 rentum
495 1073 600 1129 arceat,
615 1067 664 1118 sed
676 1060 760 1116 etiam
771 1062 844 1131 quod

34 1161 129 1209 visum
139 1155 169 1204 et
179 1147 274 1203 oculos
285 1143 417 1196 delectet:
432 1154 488 1191 non
499 1154 533 1191 ea
542 1136 633 1187 solum
644 1136 744 1185 instrui
755 1132 845 1198 supel-

36 1225 148 1284 lectile,
167 1233 239 1287 quae
254 1212 420 1267 necessariis
432 1210 527 1261 usibus
541 1204 672 1267 sufficiat3
701 1202 750 1255 sed
766 1202 845 1253 sitin

38 1297 177 1365 adparatu
189 1292 247 1341 eius
259 1290 393 1337 etaurum
404 1286 433 1333 et
442 1292 578 1347 gemmae,
588 1280 620 1326 ut
631 1288 741 1325 sumere
751 1274 778 1322 in
791 1285 847 1321 ma-

38 1374 92 1419 nus
107 1369 136 1417 et
148 1359 291 1426 adspicere
306 1353 416 1419 saepius
430 1348 530 1401 libeat:
549 1344 684 1415 quaedam
702 1355 769 1394 vero
786 1350 847 1405 pro·

39 1436 86 1488 cul
97 1434 255 1488 arceantur,
273 1424 375 1488 utiam
391 1419 554 1471 oblitterata
564 1420 593 1467 et
602 1412 718 1464 olentia:
738 1406 846 1462 nullum

39 1508 77 1557 sit
85 1503 201 1556 verbum
213 1494 288 1547 velut
297 1491 424 1558 rubigine
440 1486 587 1546 infectum,
606 1480 677 1534 nulli
685 1493 782 1532 seusus
793 1482 848 1529 tar·

42 1577 78 1629 da
89 1579 118 1626 et
126 1568 211 1624 inerti
221 1569 377 1624 structura,
393 1561 427 1609 -in
438 1571 543 1608 morem
554 1552 715 1613 Annalium,
736 1561 848 1618 compo·
882 1592 887 1599 .

44 1650 158 1704 nantum
176 1632 387 1702 fugiatfoedam
398 1634 426 1680 ct
436 1625 569 1678 insulsam
581 1619 789 1690 scurrilitatem,
804 1631 849 1667 va·
928 1635 930 1642 .

42 1719 97 1768 riet
107 1706 350 1774 compositionem,
369 1715 421 1751 nee
435 1711 531 1748 ornnes
545 1689 685 1749 clausulas
699 1703 755 1740 uno
767 1691 796 1740 et
805 1700 849 1738 eo·
882 1741 885 1747 ,

44 1787 104 1838 dem
115 1773 349 1832 modoterminet.
491 1819 494 1824 ,

93 1848 196 1904 xxm.
232 1842 306 1897 Nolo
317 1838 439 1891 inridere
450 1840 540 1886 rotas
548 1829 684 1904 fortunae
694 1833 721 1878 et
730 1822 773 1876 ius
787 1821 849 1889 Ver·

44 1924 135 1978 sinam
145 1924 173 1972 et
191 1914 268 1976 illud,
288 1909 373 1962 tertio
390 1917 500 1974 quoque
514 1915 596 1954 sensu
611 1900 640 1950 in
651 1896 850 1952 omnibusara·

45 1991 164 2047 bombus
173 2002 225 2056 pro
235 1979 374 2036 sententia
387 1975 523 2043 positum,
543 1969 743 2022 emolliretur.
780 1964 850 2017 Nam

47 2071 75 2116 et
85 2061 137 2128 boc
146 2059 247 2119 inritus
257 2051 356 2109 retuli,
368 2052 397 2102 et
406 2045 489 2113 plura
498 2041 592 2102 omisi,
602 2052 672 2106 quae
683 2041 777 2088 tamen
789 2035 852 2086 sola
938 2099 948 2114 .

48 2134 181 2186 mirantur
191 2132 275 2192 atque
285 2116 446 2185 exprimant
458 2111 486 2162 hi
493 2148 502 2176 ,
524 2112 570 2178 qui
581 2122 611 2160 se
621 2107 750 2174 antiquos
762 2111 852 2156 orato·

49 2218 93 2265 res
104 2200 211 2251 vocant.
247 2190 386 2242 neminem
397 2181 553 2242 nominabo,
569 2193 657 2248 genus
667 2173 854 2228 bominum-si.

50 2283 146 2342 grasse
165 2265 325 2318 contentus:
343 2253 394 2306 sed
412 2252 491 2306 robis
509 2251 606 2316 utique
620 2248 769 2310 versantur
788 2245 853 2292 ante

51 2340 154 2400 oculos,
171 2336 217 2403 qui
228 2328 366 2383 Lucilium
382 2335 433 2388 pro
443 2319 571 2380 Horatio,
591 2321 620 2368 et
630 2312 853 2377 Lucretiumpro

54 2407 176 2476 virgilio,
188 2403 303 2468 :legunt3
322 2395 420 2463 quibus
431 2388 641 2456 eloquentia'tui
652 2381 754 2440 Aufidii
764 2380 853 2450 Bassi,

52 2486 99 2537 aut
109 2473 218 2530 Servilii
232 2465 368 2524 Noniani,
381 2476 422 2521 ,ex
437 2457 646 2524 comparatione
661 2451 794 2502 Sisennae
805 2453 855 2499 aut

54 2546 193 2606 varronis,
210 2538 319 2599 sordet3
337 2533 384 2601 qui
393 2528 534 2581 rhetorum
547 2531 707 2587 nostrorum
719 2518 864 2572 commen.

53 2620 139 2674 tarios
157 2609 317 2666 fastidiunt,
345 2602 478 2660 oderunt,
501 2595 579 2648 Calvi
599 2593 747 2643 mirantur:
776 2603 855 2656 quos,

56 2685 229 2753 moreprisco
242 2673 445 2744 apudiudicem
455 2666 626 2728 fabulantes,
645 2675 700 2714 non
712 2659 854 2712 auditores
