2034 3025
108 145 265 204 Linxv.
284 145 405 201 ciro.
420 142 461 200 lo.
480 139 779 213 [aucmenta]
806 141 857 197 35⁷
898 106 907 118 '⁸

54 217 857 244 Μ

53 253 213 312 adferrent,
224 251 293 312 (iam
304 250 379 300 enim
391 247 526 298 subiectis
537 243 641 310 campis
651 257 755 308 magna
764 244 858 310 specie

52 322 225 380 volitabant)
245 333 330 369 nares
345 315 540 383 magnitudine
556 316 734 380 praestantes
751 317 780 361 et
796 324 860 360 con-

53 405 144 442 nexas
150 386 292 450 trabibus,
307 401 340 437 ac
349 380 477 436 turribus
486 387 593 444 auctas,
610 381 670 448 agit
679 394 730 447 per
740 391 868 439 arsurem,

54 455 417 526 catapultisqueetbalistis
426 453 577 520 proturbat
586 451 735 503 barbaros:
748 449 775 498 in
789 461 859 514 quos

54 543 125 581 saxa
135 534 166 578 et
176 526 276 578 bastae
286 525 399 591 longius
409 523 601 588 permeabant,
616 533 699 587 quam
709 522 742 568 ut
751 521 879 567 contra-¹

54 600 99 650 rio
110 597 280 663 sagittarum
291 595 368 645 iaetu
377 593 610 659 adaequarentur.
629 588 704 641 Dein
714 599 785 654 pons
797 597 862 636 eon·

54 669 192 728 tinuatus,
205 664 349 730 collesque
359 661 469 712 adversi
479 675 531 726 per
540 661 632 710 socies
644 655 784 716 cohortes,
795 657 862 721 post

53 736 201 803 legionum
221 733 323 802 eastris
343 734 529 798 occupantur,
559 733 640 780 tanta
664 725 810 777 eeleritate
831 725 864 782 et

55 805 253 857 ostentatione
262 801 374 864 virium,
388 806 421 851 ut
431 797 538 862 Parthi,
554 799 659 849 omisso
674 798 776 862 paratu
785 793 862 840 inra-

56 871 166 927 deniae
173 870 282 937 Syriae,
292 885 369 937 spem
380 884 491 921 ornnem
500 867 697 920 innrmersiam
705 864 862 915 verterent.

107 942 144 992 X.
162 942 206 992 lbi
215 941 329 1003 Paetus,
345 939 541 989 inminentium
553 937 674 997 nescius,
689 934 815 1000 quintam
824 929 863 979 le·

57 1014 173 1081 gienem
191 1009 288 1076 procul
307 1009 336 1057 in
352 1008 443 1059 Ponto
464 1005 599 1068 habebat3
617 1005 742 1073 reliquas
761 999 863 1068 promi-

57 1081 135 1134 scuis
145 1079 264 1130 militum
276 1077 479 1127 commeatibus
489 1073 694 1134 inflrrnarerat3
705 1071 803 1130 donec,
818 1065 867 1118 ud*

57 1154 177 1201 ventare
191 1148 351 1214 Vologesen
362 1159 465 1212 magno
477 1149 506 1195 et
517 1142 629 1194 infenso
641 1141 768 1208 agmine,
788 1135 867 1188 audi·

58 1225 130 1269 tum.
166 1218 279 1268 Accitur
289 1215 365 1280 legio
377 1214 550 1276 duodecima,
566 1219 604 1276 et,
617 1209 692 1262 unde
703 1207 807 1258 famam
819 1219 865 1255 au·

59 1288 99 1337 cti
112 1287 252 1337 exereitus
264 1289 438 1352 speraverat,
457 1281 572 1350 prodita
584 1279 790 1348 infrequentia:
810 1287 867 1340 qua

59 1361 158 1408 tamn
173 1356 293 1406 retineri
309 1359 403 1404 castra
418 1358 447 1404 et
463 1350 539 1403 eludi
555 1347 676 1402 Parthus
691 1349 783 1397 tractu
798 1341 867 1393 beili

60 1429 185 1493 poterat,
196 1424 220 1474 si
230 1423 318 1474 Paeto
330 1429 379 1474 aut
390 1424 420 1471 in
431 1421 501 1483 suis,
519 1424 569 1472 aut
578 1421 608 1469 in
619 1416 720 1468 alienis
731 1409 867 1470 consiliis,

4 1555 7 1556 ⁷
61 1493 225 1551 constantia
239 1491 352 1545 fnisset.
376 1491 506 1551 Verum,
526 1489 575 1539 ubi
586 1486 680 1538 oriris
695 1478 868 1534 militaribus

62 1562 198 1615 adversus
214 1568 351 1629 urgentes
367 1574 447 1613 casus
468 1560 597 1609 firmatus
617 1558 814 1623 erat-rursus,
833 1560 869 1596 ne

63 1634 175 1685 alienae
185 1633 345 1683 sententiae
355 1630 487 1695 indigens
496 1626 656 1685 videretur,
676 1623 706 1671 in
717 1618 829 1669 diversa
838 1629 870 1665 ae
888 1648 896 1656 -

50 1702 368 1768 .deterioratransibat.
404 1700 441 1749 Et
451 1702 527 1757 tunc,
546 1694 655 1747 relictis
666 1687 802 1747 hibernis,
817 1698 871 1736 non
895 1703 898 1706 ·

50 1771 168 1843 =fossam
180 1786 264 1836 neque
277 1771 378 1821 vallum
391 1766 457 1831 aiot,
477 1767 525 1819 red
537 1778 651 1834 corpora
662 1768 690 1812 et
701 1770 777 1809 erma
788 1754 818 1806 in
827 1751 876 1803 ho·

64 1838 220 1914 ntempdata,
238 1838 396 1903 clamitans,
416 1836 644 1955 duxitlepionea
664 1827 744 1894 quasi
759 1822 871 1903 proelio

64 1912 235 1961 certaturus.
272 1906 393 1971 Deinde,-
413 1907 519 1958 amisso
557 1901 706 1955 enturione
728 1899 758 1945 et
775 1906 872 1959 paucis

63 1976 214 2039 militibus,
226 1990 296 2043 quos
306 1977 432 2028 risendis
442 1974 567 2027 bostium
579 1969 666 2047 copiis
676 1963 872 2034 praemineret,
948 1961 951 1967 '

63 2042 195 2112 trepidus
205 2048 364 2096 remeavit'
385 2046 438 2109 Et,
455 2046 521 2113 quia
534 2042 627 2107 minus
637 2028 872 2099 sacritervologe-

65 2130 114 2169 ses
125 2115 282 2175 institerat,
293 2125 366 2165 vana
374 2129 473 2165 rursus
482 2110 594 2186 lidupia,
605 2110 662 2159 tria
671 2103 761 2156 millia
771 2098 874 2151 delecti
915 2144 916 2147 ,

74 2182 174 2235 reditis
184 2184 313 2251 proximo
323 2184 493 2247 'l'auritiugo
507 2179 641 2248 inposuit,
654 2187 708 2242 quo
719 2170 873 2239 transitum

65 2201 156 2320 {tegis
175 2258 321 2303 arcerent:
349 2253 442 2303 alares
463 2234 874 2315 quoque21¹annoni0s,r0nur

68 2322 228 2390 equitatus,
247 2324 278 2371 in
292 2327 373 2387 parte
388 2320 477 2385 campi
492 2317 579 2369 locat'
613 2313 741 2367 Coniunx
752 2321 784 2359 ae
797 2304 874 2356 filius

69 2388 209 2452 castello,
222 2392 267 2441 cui
280 2392 462 2442 Arsamosata
472 2402 575 2438 nomen
586 2390 639 2447 est,
654 2379 752 2437 abditi,
763 2375 834 2426 *data
844 2373 873 2421 in

66 2460 242 2581 praesidium
254 2458 384 2523 cohorte,
402 2474 435 2510 ac
449 2457 578 2522 disperso
589 2454 688 2513 milite,
705 2448 762 2515 qui,
775 2446 805 2495 in
816 2454 874 2493 uno
943 2446 946 2454 ¹

92 2527 201 2591 abitus,
220 2527 320 2597 vtigrim
342 2528 453 2581 bostem
471 2524 628 2594 promptius
649 2513 875 2571 sustentavisset.

69 2601 164 2667 Aegre
185 2598 356 2667 compulsum
376 2596 481 2658 ferunt,
500 2599 534 2645 ut
552 2593 706 2642 instantem
723 2582 875 2636 Corbuloni
921 2582 923 2585 ’
956 2611 958 2615 f
990 2582 994 2587 '

68 2669 219 2723 fateretur.
231 2667 468 2721 necaCorbulone
477 2652 874 2731 properatumpumgliseen·
