<?xml version="1.0" encoding="UTF-8"?>
<!DOCTYPE html PUBLIC "-//W3C//DTD XHTML 1.0 Transitional//EN"
    "http://www.w3.org/TR/xhtml1/DTD/xhtml1-transitional.dtd">
<html xmlns="http://www.w3.org/1999/xhtml" xml:lang="en" lang="en">
 <head>
  <title>
</title>
<meta http-equiv="Content-Type" content="text/html;charset=utf-8" />
  <meta name='ocr-system' content='tesseract 3.04.00' />
  <meta name='ocr-capabilities' content='ocr_page ocr_carea ocr_par ocr_line ocrx_word'/>
</head>
<body>
  <div class='ocr_page' id='page_1' title='image "./ccorneliitaciti00socigoog/ccorneliitaciti00socigoog_0030.png"; bbox 0 0 2034 3025; ppageno 0'>
   <div class='ocr_carea' id='block_1_1' title="bbox 67 110 877 297">
    <p class='ocr_par' dir='ltr' id='par_1_1' title="bbox 67 110 877 297">
     <span class='ocr_line' id='line_1_1' title="bbox 91 110 876 192; baseline -0.011 -8"><span class='ocrx_word' id='word_1_1' title='bbox 91 180 94 185; x_wconf 83' lang='lat'>.</span> <span class='ocrx_word' id='word_1_2' title='bbox 139 120 257 177; x_wconf 64' lang='lat' dir='ltr'>mul.</span> <span class='ocrx_word' id='word_1_3' title='bbox 276 120 362 191; x_wconf 64' lang='lat' dir='ltr'>CAR</span> <span class='ocrx_word' id='word_1_4' title='bbox 375 120 416 174; x_wconf 81' lang='lat'>14.</span> <span class='ocrx_word' id='word_1_5' title='bbox 430 110 469 173; x_wconf 79' lang='lat'>15.</span> <span class='ocrx_word' id='word_1_6' title='bbox 492 118 538 191; x_wconf 83' lang='grc' dir='ltr'>[Δ.</span> <span class='ocrx_word' id='word_1_7' title='bbox 547 120 581 173; x_wconf 82' lang='lat' dir='ltr'>V.</span> <span class='ocrx_word' id='word_1_8' title='bbox 591 122 649 189; x_wconf 84' lang='lat'><strong>767.</strong></span> <span class='ocrx_word' id='word_1_9' title='bbox 668 122 741 174; x_wconf 57' lang='lat' dir='ltr'>mc.</span> <span class='ocrx_word' id='word_1_10' title='bbox 756 121 809 192; x_wconf 64' lang='lat' dir='ltr'>rt]</span> <span class='ocrx_word' id='word_1_11' title='bbox 844 122 876 176; x_wconf 77' lang='lat' dir='ltr'>to</span> 
     </span>
     <span class='ocr_line' id='line_1_2' title="bbox 67 224 877 297; baseline -0.007 -13"><span class='ocrx_word' id='word_1_12' title='bbox 67 230 149 283; x_wconf 76' lang='lat' dir='ltr'>licuit</span> <span class='ocrx_word' id='word_1_13' title='bbox 163 228 326 297; x_wconf 77' lang='lat' dir='ltr'><strong>paullatim,</strong></span> <span class='ocrx_word' id='word_1_14' title='bbox 345 240 400 277; x_wconf 91' lang='lat' dir='ltr'>non</span> <span class='ocrx_word' id='word_1_15' title='bbox 416 230 448 276; x_wconf 90' lang='lat' dir='ltr'>ut</span> <span class='ocrx_word' id='word_1_16' title='bbox 460 224 600 277; x_wconf 79' lang='lat' dir='ltr'>fateretur</span> <span class='ocrx_word' id='word_1_17' title='bbox 613 228 877 295; x_wconf 75' lang='lat' dir='ltr'>suscipiaseirepe·</span> 
     </span>
    </p>
   </div>
   <div class='ocr_carea' id='block_1_2' title="bbox 65 294 877 639">
    <p class='ocr_par' dir='ltr' id='par_1_2' title="bbox 65 294 877 639">
     <span class='ocr_line' id='line_1_3' title="bbox 65 294 876 363; baseline -0.005 -12"><span class='ocrx_word' id='word_1_18' title='bbox 65 302 155 361; x_wconf 90' lang='lat' dir='ltr'>rium,</span> <span class='ocrx_word' id='word_1_19' title='bbox 181 298 231 349; x_wconf 88' lang='lat' dir='ltr'>sed</span> <span class='ocrx_word' id='word_1_20' title='bbox 251 302 284 347; x_wconf 91' lang='lat' dir='ltr'>ut</span> <span class='ocrx_word' id='word_1_21' title='bbox 299 294 401 363; x_wconf 76' lang='lat' dir='ltr'>negare</span> <span class='ocrx_word' id='word_1_22' title='bbox 416 300 444 346; x_wconf 90' lang='lat' dir='ltr'>et</span> <span class='ocrx_word' id='word_1_23' title='bbox 458 297 553 363; x_wconf 74' lang='lat' dir='ltr'>rogari</span> <span class='ocrx_word' id='word_1_24' title='bbox 568 294 714 347; x_wconf 82' lang='lat' dir='ltr'>desineret.</span> <span class='ocrx_word' id='word_1_25' title='bbox 750 296 876 360; x_wconf 83' lang='lat' dir='ltr'>coastat,</span> 
     </span>
     <span class='ocr_line' id='line_1_4' title="bbox 65 362 876 431; baseline -0.005 -12"><span class='ocrx_word' id='word_1_26' title='bbox 65 368 233 428; x_wconf 85' lang='lat' dir='ltr'>Haterium,</span> <span class='ocrx_word' id='word_1_27' title='bbox 254 378 315 416; x_wconf 89' lang='lat' dir='ltr'>cum</span> <span class='ocrx_word' id='word_1_28' title='bbox 332 364 498 431; x_wconf 77' lang='lat' dir='ltr'>deprecandi</span> <span class='ocrx_word' id='word_1_29' title='bbox 513 378 612 416; x_wconf 76' lang='lat' dir='ltr'>mussa</span> <span class='ocrx_word' id='word_1_30' title='bbox 622 362 755 430; x_wconf 79' lang='lat' dir='ltr'>palatium</span> <span class='ocrx_word' id='word_1_31' title='bbox 766 368 876 417; x_wconf 61' lang='lat' dir='ltr'>introis</span> 
     </span>
     <span class='ocr_line' id='line_1_5' title="bbox 66 432 877 501; baseline -0.002 -14"><span class='ocrx_word' id='word_1_32' title='bbox 66 443 119 498; x_wconf 85' lang='lat' dir='ltr'>set,</span> <span class='ocrx_word' id='word_1_33' title='bbox 128 434 355 501; x_wconf 78' lang='lat' dir='ltr'><strong>ambulantisque</strong></span> <span class='ocrx_word' id='word_1_34' title='bbox 362 433 468 485; x_wconf 74' lang='lat' dir='ltr'>&#39;l&#39;iberii</span> <span class='ocrx_word' id='word_1_35' title='bbox 478 447 571 499; x_wconf 79' lang='lat' dir='ltr'>genua</span> <span class='ocrx_word' id='word_1_36' title='bbox 579 432 877 501; x_wconf 76' lang='lat' dir='ltr'>advolveretoe‚props</span> 
     </span>
     <span class='ocr_line' id='line_1_6' title="bbox 67 502 877 569; baseline -0.004 -14"><span class='ocrx_word' id='word_1_37' title='bbox 67 521 84 555; x_wconf 89' lang='lat' dir='ltr'>a</span> <span class='ocrx_word' id='word_1_38' title='bbox 94 505 233 555; x_wconf 84' lang='lat' dir='ltr'>militibus</span> <span class='ocrx_word' id='word_1_39' title='bbox 243 502 430 563; x_wconf 83' lang='lat' dir='ltr'>interiectum,</span> <span class='ocrx_word' id='word_1_40' title='bbox 442 504 507 569; x_wconf 85' lang='lat' dir='ltr'>qnia</span> <span class='ocrx_word' id='word_1_41' title='bbox 516 502 659 563; x_wconf 84' lang='lat' dir='ltr'>Tiberius,</span> <span class='ocrx_word' id='word_1_42' title='bbox 669 516 736 553; x_wconf 79' lang='lat' dir='ltr'>casu</span> <span class='ocrx_word' id='word_1_43' title='bbox 745 516 780 552; x_wconf 87' lang='lat' dir='ltr'>aa</span> <span class='ocrx_word' id='word_1_44' title='bbox 791 504 877 553; x_wconf 81' lang='lat' dir='ltr'>mani·</span> 
     </span>
     <span class='ocr_line' id='line_1_7' title="bbox 67 570 877 639; baseline -0.001 -15"><span class='ocrx_word' id='word_1_45' title='bbox 67 574 120 624; x_wconf 89' lang='lat' dir='ltr'>bus</span> <span class='ocrx_word' id='word_1_46' title='bbox 130 574 193 625; x_wconf 88' lang='lat' dir='ltr'>eius</span> <span class='ocrx_word' id='word_1_47' title='bbox 204 572 360 637; x_wconf 84' lang='lat' dir='ltr'>impeditus,</span> <span class='ocrx_word' id='word_1_48' title='bbox 367 570 533 636; x_wconf 80' lang='lat' dir='ltr'>prociderat</span> <span class='ocrx_word' id='word_1_49' title='bbox 548 586 637 639; x_wconf 87' lang='lat' dir='ltr'>neque</span> <span class='ocrx_word' id='word_1_50' title='bbox 646 576 740 622; x_wconf 90' lang='lat' dir='ltr'>tamen</span> <span class='ocrx_word' id='word_1_51' title='bbox 753 570 877 638; x_wconf 77' lang='lat' dir='ltr'>periculo</span> 
     </span>
    </p>
   </div>
   <div class='ocr_carea' id='block_1_3' title="bbox 66 638 1008 707">
    <p class='ocr_par' dir='ltr' id='par_1_3' title="bbox 66 638 1008 707">
     <span class='ocr_line' id='line_1_8' title="bbox 66 638 1008 707; baseline -0.003 -14"><span class='ocrx_word' id='word_1_52' title='bbox 66 642 134 694; x_wconf 85' lang='lat' dir='ltr'>talis</span> <span class='ocrx_word' id='word_1_53' title='bbox 143 643 197 692; x_wconf 76' lang='lat' dir='ltr'>viri</span> <span class='ocrx_word' id='word_1_54' title='bbox 208 642 351 707; x_wconf 82' lang='lat' dir='ltr'>mitigatus</span> <span class='ocrx_word' id='word_1_55' title='bbox 361 646 412 701; x_wconf 86' lang='lat' dir='ltr'>est,</span> <span class='ocrx_word' id='word_1_56' title='bbox 421 639 806 707; x_wconf 66' lang='lat' dir='ltr'>donecllateriusiugustam</span> <span class='ocrx_word' id='word_1_57' title='bbox 817 652 878 693; x_wconf 78' lang='lat' dir='ltr'>ort·</span> <span class='ocrx_word' id='word_1_58' title='bbox 887 638 905 653; x_wconf 83' lang='grc'><em>“</em></span> <span class='ocrx_word' id='word_1_59' title='bbox 1007 643 1008 652; x_wconf 77' lang='grc'>’</span> 
     </span>
    </p>
   </div>
   <div class='ocr_carea' id='block_1_4' title="bbox 12 708 919 2432">
    <p class='ocr_par' dir='ltr' id='par_1_4' title="bbox 68 708 803 778">
     <span class='ocr_line' id='line_1_9' title="bbox 68 708 803 778; baseline -0.003 -15"><span class='ocrx_word' id='word_1_60' title='bbox 68 717 127 773; x_wconf 88' lang='lat' dir='ltr'>ret,</span> <span class='ocrx_word' id='word_1_61' title='bbox 139 712 257 778; x_wconf 84' lang='lat' dir='ltr'>eiusque</span> <span class='ocrx_word' id='word_1_62' title='bbox 267 708 449 761; x_wconf 73' lang='lat' dir='ltr'>curatissimis</span> <span class='ocrx_word' id='word_1_63' title='bbox 460 710 588 775; x_wconf 85' lang='lat' dir='ltr'>precibus</span> <span class='ocrx_word' id='word_1_64' title='bbox 599 716 803 777; x_wconf 78' lang='lat' dir='ltr'><strong>protegeretur.</strong></span> 
     </span>
    </p>

    <p class='ocr_par' dir='ltr' id='par_1_5' title="bbox 12 776 919 1946">
     <span class='ocr_line' id='line_1_10' title="bbox 121 776 877 846; baseline -0.001 -14"><span class='ocrx_word' id='word_1_65' title='bbox 121 779 198 832; x_wconf 87' lang='lat' dir='ltr'><strong>XIV.</strong></span> <span class='ocrx_word' id='word_1_66' title='bbox 227 778 319 830; x_wconf 83' lang='lat' dir='ltr'>Multa</span> <span class='ocrx_word' id='word_1_67' title='bbox 338 776 452 829; x_wconf 81' lang='lat' dir='ltr'>Patruus</span> <span class='ocrx_word' id='word_1_68' title='bbox 477 780 550 829; x_wconf 89' lang='lat' dir='ltr'>etin</span> <span class='ocrx_word' id='word_1_69' title='bbox 569 779 721 846; x_wconf 73' lang='lat' dir='ltr'>Augustam</span> <span class='ocrx_word' id='word_1_70' title='bbox 741 779 877 831; x_wconf 75' lang='lat' dir='ltr'>adulatio.</span> 
     </span>
     <span class='ocr_line' id='line_1_11' title="bbox 12 844 878 916; baseline 0 -16"><span class='ocrx_word' id='word_1_71' title='bbox 12 850 32 863; x_wconf 72' lang='grc'><strong><em>’</em></strong></span> <span class='ocrx_word' id='word_1_72' title='bbox 69 848 124 900; x_wconf 79' lang='lat' dir='ltr'>Alii</span> <span class='ocrx_word' id='word_1_73' title='bbox 136 844 473 909; x_wconf 69' lang='lat' dir='ltr'>Parentemaliidlstrem</span> <span class='ocrx_word' id='word_1_74' title='bbox 482 846 593 913; x_wconf 79' lang='lat' dir='ltr'>patriae</span> <span class='ocrx_word' id='word_1_75' title='bbox 602 847 878 916; x_wconf 66' lang='lat' dir='ltr'>appellandample·</span> 
     </span>
     <span class='ocr_line' id='line_1_12' title="bbox 68 908 878 987; baseline 0 -18"><span class='ocrx_word' id='word_1_76' title='bbox 68 920 165 985; x_wconf 85' lang='lat' dir='ltr'>rique,</span> <span class='ocrx_word' id='word_1_77' title='bbox 180 922 213 967; x_wconf 90' lang='lat' dir='ltr'>ut</span> <span class='ocrx_word' id='word_1_78' title='bbox 223 917 327 968; x_wconf 87' lang='lat' dir='ltr'>nomini</span> <span class='ocrx_word' id='word_1_79' title='bbox 338 908 464 975; x_wconf 74' lang='lat' dir='ltr'>Gaemris</span> <span class='ocrx_word' id='word_1_80' title='bbox 478 915 686 969; x_wconf 78' lang='lat' dir='ltr'>adscriberetur</span> <span class='ocrx_word' id='word_1_81' title='bbox 699 915 788 969; x_wconf 71' lang='lat' dir='ltr'>Iuliae</span> <span class='ocrx_word' id='word_1_82' title='bbox 795 917 878 987; x_wconf 75' lang='lat' dir='ltr'>filius</span> 
     </span>
     <span class='ocr_line' id='line_1_13' title="bbox 69 982 877 1057; baseline -0.004 -18"><span class='ocrx_word' id='word_1_83' title='bbox 69 986 231 1039; x_wconf 84' lang='lat' dir='ltr'>censebant.</span> <span class='ocrx_word' id='word_1_84' title='bbox 252 984 314 1047; x_wconf 89' lang='lat' dir='ltr'>ille,</span> <span class='ocrx_word' id='word_1_85' title='bbox 333 982 506 1037; x_wconf 80' lang='lat' dir='ltr'>moderandos</span> <span class='ocrx_word' id='word_1_86' title='bbox 516 984 684 1057; x_wconf 76' lang='lat' dir='ltr'>seminarem</span> <span class='ocrx_word' id='word_1_87' title='bbox 698 984 822 1049; x_wconf 76' lang='lat' dir='ltr'>bonores,</span> <span class='ocrx_word' id='word_1_88' title='bbox 836 986 877 1037; x_wconf 89' lang='lat' dir='ltr'>di-</span> 
     </span>
     <span class='ocr_line' id='line_1_14' title="bbox 69 1052 878 1121; baseline 0 -14"><span class='ocrx_word' id='word_1_89' title='bbox 69 1060 188 1113; x_wconf 74' lang='lat' dir='ltr'>etimne,</span> <span class='ocrx_word' id='word_1_90' title='bbox 204 1054 381 1119; x_wconf 80' lang='lat' dir='ltr'>eademquese</span> <span class='ocrx_word' id='word_1_91' title='bbox 391 1053 574 1119; x_wconf 76' lang='lat' dir='ltr'>temperantia</span> <span class='ocrx_word' id='word_1_92' title='bbox 583 1052 789 1117; x_wconf 67' lang='lat' dir='ltr'>circumieris,</span> <span class='ocrx_word' id='word_1_93' title='bbox 808 1070 878 1121; x_wconf 67' lang='lat' dir='ltr'>uuae</span> 
     </span>
     <span class='ocr_line' id='line_1_15' title="bbox 67 1122 878 1185; baseline 0.001 -9"><span class='ocrx_word' id='word_1_94' title='bbox 67 1124 123 1176; x_wconf 77' lang='lat' dir='ltr'>ridi</span> <span class='ocrx_word' id='word_1_95' title='bbox 130 1122 332 1175; x_wconf 79' lang='lat' dir='ltr'>tribuerentur:</span> <span class='ocrx_word' id='word_1_96' title='bbox 341 1126 466 1174; x_wconf 89' lang='lat' dir='ltr'>ceterum</span> <span class='ocrx_word' id='word_1_97' title='bbox 477 1124 576 1173; x_wconf 83' lang='lat' dir='ltr'>anxius</span> <span class='ocrx_word' id='word_1_98' title='bbox 586 1123 733 1185; x_wconf 66' lang='lat' dir='ltr'>invidiaet</span> <span class='ocrx_word' id='word_1_99' title='bbox 742 1124 878 1177; x_wconf 79' lang='lat' dir='ltr'>muliebre</span> 
     </span>
     <span class='ocr_line' id='line_1_16' title="bbox 69 1191 877 1259; baseline -0.001 -14"><span class='ocrx_word' id='word_1_100' title='bbox 69 1192 216 1259; x_wconf 82' lang='lat' dir='ltr'>fastigium</span> <span class='ocrx_word' id='word_1_101' title='bbox 227 1194 256 1241; x_wconf 90' lang='lat' dir='ltr'>in</span> <span class='ocrx_word' id='word_1_102' title='bbox 267 1191 480 1243; x_wconf 85' lang='lat' dir='ltr'>deminutionem</span> <span class='ocrx_word' id='word_1_103' title='bbox 490 1192 534 1241; x_wconf 90' lang='lat' dir='ltr'>sui</span> <span class='ocrx_word' id='word_1_104' title='bbox 544 1192 695 1258; x_wconf 78' lang='lat' dir='ltr'>accipiens,</span> <span class='ocrx_word' id='word_1_105' title='bbox 704 1207 740 1244; x_wconf 88' lang='lat' dir='ltr'>ne</span> <span class='ocrx_word' id='word_1_106' title='bbox 751 1193 877 1245; x_wconf 87' lang='lat' dir='ltr'>lictorem</span> 
     </span>
     <span class='ocr_line' id='line_1_17' title="bbox 70 1260 878 1330; baseline 0.001 -19"><span class='ocrx_word' id='word_1_107' title='bbox 70 1262 185 1330; x_wconf 86' lang='lat' dir='ltr'>quidem</span> <span class='ocrx_word' id='word_1_108' title='bbox 201 1261 226 1311; x_wconf 89' lang='lat' dir='ltr'>ei</span> <span class='ocrx_word' id='word_1_109' title='bbox 238 1260 349 1312; x_wconf 88' lang='lat' dir='ltr'>decerni</span> <span class='ocrx_word' id='word_1_110' title='bbox 361 1274 457 1327; x_wconf 76' lang='lat' dir='ltr'>passus</span> <span class='ocrx_word' id='word_1_111' title='bbox 468 1266 525 1323; x_wconf 87' lang='lat' dir='ltr'>est;</span> <span class='ocrx_word' id='word_1_112' title='bbox 540 1274 672 1327; x_wconf 71' lang='lat' dir='ltr'>orantque</span> <span class='ocrx_word' id='word_1_113' title='bbox 682 1261 841 1329; x_wconf 80' lang='lat' dir='ltr'>adoptionis</span> <span class='ocrx_word' id='word_1_114' title='bbox 849 1268 878 1313; x_wconf 90' lang='lat' dir='ltr'>et</span> 
     </span>
     <span class='ocr_line' id='line_1_18' title="bbox 71 1326 879 1395; baseline -0.001 -13"><span class='ocrx_word' id='word_1_115' title='bbox 71 1330 129 1382; x_wconf 86' lang='lat' dir='ltr'>alia</span> <span class='ocrx_word' id='word_1_116' title='bbox 145 1328 335 1381; x_wconf 89' lang='lat' dir='ltr'>huiuscemodi</span> <span class='ocrx_word' id='word_1_117' title='bbox 351 1326 500 1395; x_wconf 86' lang='lat' dir='ltr'>probibuit.</span> <span class='ocrx_word' id='word_1_118' title='bbox 536 1331 572 1379; x_wconf 76' lang='lat' dir='ltr'>At</span> <span class='ocrx_word' id='word_1_119' title='bbox 587 1330 753 1382; x_wconf 87' lang='lat' dir='ltr'>Germanico</span> <span class='ocrx_word' id='word_1_120' title='bbox 764 1331 879 1382; x_wconf 84' lang='lat' dir='ltr'>Caesari</span> 
     </span>
     <span class='ocr_line' id='line_1_19' title="bbox 69 1398 919 1467; baseline -0.002 -17"><span class='ocrx_word' id='word_1_121' title='bbox 69 1398 270 1467; x_wconf 79' lang='lat' dir='ltr'>proconsulare</span> <span class='ocrx_word' id='word_1_122' title='bbox 284 1400 429 1464; x_wconf 80' lang='lat' dir='ltr'>imperium</span> <span class='ocrx_word' id='word_1_123' title='bbox 442 1399 551 1463; x_wconf 76' lang='lat' dir='ltr'>petivit:</span> <span class='ocrx_word' id='word_1_124' title='bbox 570 1400 702 1465; x_wconf 85' lang='lat' dir='ltr'>missique</span> <span class='ocrx_word' id='word_1_125' title='bbox 713 1398 811 1466; x_wconf 86' lang='lat' dir='ltr'>legati,</span> <span class='ocrx_word' id='word_1_126' title='bbox 830 1400 878 1465; x_wconf 89' lang='lat' dir='ltr'>qui</span> <span class='ocrx_word' id='word_1_127' title='bbox 912 1443 919 1455; x_wconf 75' lang='grc'><em>,</em></span> 
     </span>
     <span class='ocr_line' id='line_1_20' title="bbox 71 1464 879 1534; baseline -0.004 -14"><span class='ocrx_word' id='word_1_128' title='bbox 71 1466 228 1532; x_wconf 83' lang='lat' dir='ltr'>deferrent,</span> <span class='ocrx_word' id='word_1_129' title='bbox 242 1468 327 1520; x_wconf 91' lang='lat' dir='ltr'>simul</span> <span class='ocrx_word' id='word_1_130' title='bbox 337 1464 503 1520; x_wconf 81' lang='lat' dir='ltr'>maestitiam</span> <span class='ocrx_word' id='word_1_131' title='bbox 515 1468 575 1518; x_wconf 88' lang='lat' dir='ltr'>eius</span> <span class='ocrx_word' id='word_1_132' title='bbox 586 1468 625 1520; x_wconf 88' lang='lat' dir='ltr'>ob</span> <span class='ocrx_word' id='word_1_133' title='bbox 632 1482 776 1520; x_wconf 85' lang='lat' dir='ltr'>excessum</span> <span class='ocrx_word' id='word_1_134' title='bbox 788 1469 879 1534; x_wconf 78' lang='lat' dir='ltr'>Augu·</span> 
     </span>
     <span class='ocr_line' id='line_1_21' title="bbox 70 1533 879 1605; baseline -0.002 -17"><span class='ocrx_word' id='word_1_135' title='bbox 70 1539 107 1588; x_wconf 90' lang='lat' dir='ltr'>sti</span> <span class='ocrx_word' id='word_1_136' title='bbox 117 1533 291 1588; x_wconf 84' lang='lat' dir='ltr'>solarentur.</span> <span class='ocrx_word' id='word_1_137' title='bbox 329 1552 383 1605; x_wconf 88' lang='lat' dir='ltr'>quo</span> <span class='ocrx_word' id='word_1_138' title='bbox 400 1539 491 1588; x_wconf 87' lang='lat' dir='ltr'>miuus</span> <span class='ocrx_word' id='word_1_139' title='bbox 506 1536 579 1587; x_wconf 91' lang='lat' dir='ltr'>idem</span> <span class='ocrx_word' id='word_1_140' title='bbox 591 1550 642 1603; x_wconf 79' lang='lat' dir='ltr'>pro</span> <span class='ocrx_word' id='word_1_141' title='bbox 652 1537 747 1586; x_wconf 83' lang='lat' dir='ltr'>Druso</span> <span class='ocrx_word' id='word_1_142' title='bbox 756 1535 879 1602; x_wconf 81' lang='lat' dir='ltr'>postula·</span> 
     </span>
     <span class='ocr_line' id='line_1_22' title="bbox 69 1604 878 1673; baseline -0.007 -14"><span class='ocrx_word' id='word_1_143' title='bbox 69 1613 166 1668; x_wconf 86' lang='lat' dir='ltr'>retur,</span> <span class='ocrx_word' id='word_1_144' title='bbox 186 1621 219 1658; x_wconf 87' lang='lat' dir='ltr'>ea</span> <span class='ocrx_word' id='word_1_145' title='bbox 242 1619 353 1670; x_wconf 83' lang='lat' dir='ltr'>caussa,</span> <span class='ocrx_word' id='word_1_146' title='bbox 373 1606 446 1673; x_wconf 90' lang='lat' dir='ltr'>quod</span> <span class='ocrx_word' id='word_1_147' title='bbox 466 1605 629 1671; x_wconf 83' lang='lat' dir='ltr'>designatus</span> <span class='ocrx_word' id='word_1_148' title='bbox 650 1604 754 1656; x_wconf 81' lang='lat' dir='ltr'>Consul</span> <span class='ocrx_word' id='word_1_149' title='bbox 769 1605 878 1656; x_wconf 89' lang='lat' dir='ltr'>Drusus</span> 
     </span>
     <span class='ocr_line' id='line_1_23' title="bbox 70 1673 876 1744; baseline -0.004 -17"><span class='ocrx_word' id='word_1_150' title='bbox 70 1689 258 1744; x_wconf 83' lang='lat' dir='ltr'>praesensque</span> <span class='ocrx_word' id='word_1_151' title='bbox 278 1682 346 1728; x_wconf 86' lang='lat' dir='ltr'>erat.</span> <span class='ocrx_word' id='word_1_152' title='bbox 383 1674 552 1727; x_wconf 78' lang='lat' dir='ltr'>Candidatus</span> <span class='ocrx_word' id='word_1_153' title='bbox 565 1679 715 1741; x_wconf 80' lang='lat' dir='ltr'>praeturae</span> <span class='ocrx_word' id='word_1_154' title='bbox 730 1673 876 1725; x_wconf 86' lang='lat' dir='ltr'>duodecim</span> 
     </span>
     <span class='ocr_line' id='line_1_24' title="bbox 70 1741 878 1817; baseline -0.001 -21"><span class='ocrx_word' id='word_1_155' title='bbox 70 1741 237 1806; x_wconf 50' lang='lat' dir='ltr'>nominarim</span> <span class='ocrx_word' id='word_1_156' title='bbox 253 1742 398 1817; x_wconf 77' lang='lat' dir='ltr'>numerum</span> <span class='ocrx_word' id='word_1_157' title='bbox 414 1744 448 1794; x_wconf 89' lang='lat' dir='ltr'>ab</span> <span class='ocrx_word' id='word_1_158' title='bbox 458 1744 583 1811; x_wconf 84' lang='lat' dir='ltr'>Augusto</span> <span class='ocrx_word' id='word_1_159' title='bbox 599 1744 745 1795; x_wconf 87' lang='lat' dir='ltr'>traditum:</span> <span class='ocrx_word' id='word_1_160' title='bbox 762 1750 804 1806; x_wconf 90' lang='lat' dir='ltr'>et,</span> <span class='ocrx_word' id='word_1_161' title='bbox 815 1741 878 1795; x_wconf 87' lang='lat' dir='ltr'>hor·</span> 
     </span>
     <span class='ocr_line' id='line_1_25' title="bbox 69 1811 877 1882; baseline 0 -16"><span class='ocrx_word' id='word_1_162' title='bbox 69 1819 149 1866; x_wconf 77' lang='lat' dir='ltr'>tante</span> <span class='ocrx_word' id='word_1_163' title='bbox 161 1811 279 1875; x_wconf 84' lang='lat' dir='ltr'>Senatu,</span> <span class='ocrx_word' id='word_1_164' title='bbox 294 1820 326 1864; x_wconf 86' lang='lat' dir='ltr'>ut</span> <span class='ocrx_word' id='word_1_165' title='bbox 340 1819 469 1882; x_wconf 65' lang='lat' dir='ltr'>augerets</span> <span class='ocrx_word' id='word_1_166' title='bbox 483 1812 662 1867; x_wconf 86' lang='lat' dir='ltr'>iureiurando</span> <span class='ocrx_word' id='word_1_167' title='bbox 678 1813 827 1868; x_wconf 83' lang='lat' dir='ltr'>obstrinxit</span> <span class='ocrx_word' id='word_1_168' title='bbox 837 1829 877 1876; x_wconf 84' lang='lat' dir='ltr'>se,</span> 
     </span>
     <span class='ocr_line' id='line_1_26' title="bbox 70 1897 326 1946; baseline 0.004 -14"><span class='ocrx_word' id='word_1_169' title='bbox 70 1897 326 1946; x_wconf 77' lang='lat' dir='ltr'>nouercessutum.</span> 
     </span>
    </p>

    <p class='ocr_par' dir='ltr' id='par_1_6' title="bbox 69 1949 894 2432">
     <span class='ocr_line' id='line_1_27' title="bbox 122 1949 878 2018; baseline 0.005 -18"><span class='ocrx_word' id='word_1_170' title='bbox 122 1949 184 2000; x_wconf 84' lang='lat' dir='ltr'>XV.</span> <span class='ocrx_word' id='word_1_171' title='bbox 208 1952 280 2002; x_wconf 90' lang='lat' dir='ltr'>Tum</span> <span class='ocrx_word' id='word_1_172' title='bbox 298 1953 417 2018; x_wconf 82' lang='lat' dir='ltr'>primum</span> <span class='ocrx_word' id='word_1_173' title='bbox 438 1967 454 2004; x_wconf 92' lang='lat' dir='ltr'>e</span> <span class='ocrx_word' id='word_1_174' title='bbox 470 1951 573 2018; x_wconf 81' lang='lat' dir='ltr'>Campo</span> <span class='ocrx_word' id='word_1_175' title='bbox 592 1952 706 2004; x_wconf 85' lang='lat' dir='ltr'>comitia</span> <span class='ocrx_word' id='word_1_176' title='bbox 723 1951 761 2004; x_wconf 90' lang='lat' dir='ltr'>ad</span> <span class='ocrx_word' id='word_1_177' title='bbox 779 1950 878 2004; x_wconf 87' lang='lat' dir='ltr'>Patres</span> 
     </span>
     <span class='ocr_line' id='line_1_28' title="bbox 70 2018 879 2088; baseline 0.001 -16"><span class='ocrx_word' id='word_1_178' title='bbox 70 2018 211 2072; x_wconf 86' lang='lat' dir='ltr'>translata</span> <span class='ocrx_word' id='word_1_179' title='bbox 221 2026 293 2070; x_wconf 90' lang='lat' dir='ltr'>sunt.</span> <span class='ocrx_word' id='word_1_180' title='bbox 321 2036 386 2072; x_wconf 84' lang='lat' dir='ltr'>nans</span> <span class='ocrx_word' id='word_1_181' title='bbox 397 2021 505 2072; x_wconf 88' lang='lat' dir='ltr'>adeam</span> <span class='ocrx_word' id='word_1_182' title='bbox 517 2021 604 2083; x_wconf 88' lang='lat' dir='ltr'>diem,</span> <span class='ocrx_word' id='word_1_183' title='bbox 619 2023 672 2073; x_wconf 88' lang='lat' dir='ltr'>etsi</span> <span class='ocrx_word' id='word_1_184' title='bbox 681 2023 827 2088; x_wconf 80' lang='lat' dir='ltr'>potissima</span> <span class='ocrx_word' id='word_1_185' title='bbox 836 2037 879 2074; x_wconf 84' lang='lat' dir='ltr'>ar·</span> 
     </span>
     <span class='ocr_line' id='line_1_29' title="bbox 69 2087 879 2156; baseline 0.001 -16"><span class='ocrx_word' id='word_1_186' title='bbox 69 2087 157 2140; x_wconf 87' lang='lat' dir='ltr'>bitrio</span> <span class='ocrx_word' id='word_1_187' title='bbox 172 2091 317 2154; x_wconf 80' lang='lat' dir='ltr'>principis,</span> <span class='ocrx_word' id='word_1_188' title='bbox 337 2089 474 2156; x_wconf 87' lang='lat' dir='ltr'>quaedam</span> <span class='ocrx_word' id='word_1_189' title='bbox 484 2097 580 2142; x_wconf 88' lang='lat' dir='ltr'>tamen</span> <span class='ocrx_word' id='word_1_190' title='bbox 590 2090 689 2141; x_wconf 90' lang='lat' dir='ltr'>studiis</span> <span class='ocrx_word' id='word_1_191' title='bbox 698 2091 820 2142; x_wconf 87' lang='lat' dir='ltr'>tribuum</span> <span class='ocrx_word' id='word_1_192' title='bbox 831 2090 879 2144; x_wconf 83' lang='lat' dir='ltr'>lie·</span> 
     </span>
     <span class='ocr_line' id='line_1_30' title="bbox 69 2155 894 2226; baseline 0.001 -16"><span class='ocrx_word' id='word_1_193' title='bbox 69 2157 151 2210; x_wconf 84' lang='lat' dir='ltr'>bant.</span> <span class='ocrx_word' id='word_1_194' title='bbox 186 2172 277 2224; x_wconf 89' lang='lat' dir='ltr'>neque</span> <span class='ocrx_word' id='word_1_195' title='bbox 287 2158 403 2224; x_wconf 78' lang='lat' dir='ltr'>populus</span> <span class='ocrx_word' id='word_1_196' title='bbox 414 2158 572 2226; x_wconf 87' lang='lat' dir='ltr'>ademptum</span> <span class='ocrx_word' id='word_1_197' title='bbox 582 2161 625 2210; x_wconf 88' lang='lat' dir='ltr'>ius</span> <span class='ocrx_word' id='word_1_198' title='bbox 634 2165 747 2226; x_wconf 85' lang='lat' dir='ltr'>questus</span> <span class='ocrx_word' id='word_1_199' title='bbox 758 2164 814 2221; x_wconf 84' lang='lat' dir='ltr'>est,</span> <span class='ocrx_word' id='word_1_200' title='bbox 824 2155 894 2211; x_wconf 74' lang='lat' dir='ltr'>nisi‘</span> 
     </span>
     <span class='ocr_line' id='line_1_31' title="bbox 70 2226 880 2295; baseline -0.002 -16"><span class='ocrx_word' id='word_1_201' title='bbox 70 2227 151 2279; x_wconf 86' lang='lat' dir='ltr'>inani</span> <span class='ocrx_word' id='word_1_202' title='bbox 165 2240 291 2278; x_wconf 84' lang='lat' dir='ltr'>rumore:</span> <span class='ocrx_word' id='word_1_203' title='bbox 310 2233 339 2280; x_wconf 91' lang='lat' dir='ltr'>et</span> <span class='ocrx_word' id='word_1_204' title='bbox 354 2226 486 2290; x_wconf 84' lang='lat' dir='ltr'>Senatus,</span> <span class='ocrx_word' id='word_1_205' title='bbox 500 2229 695 2295; x_wconf 78' lang='lat' dir='ltr'>largitionibus</span> <span class='ocrx_word' id='word_1_206' title='bbox 709 2245 742 2280; x_wconf 89' lang='lat' dir='ltr'>ac</span> <span class='ocrx_word' id='word_1_207' title='bbox 751 2227 880 2294; x_wconf 84' lang='lat' dir='ltr'>precibus</span> 
     </span>
     <span class='ocr_line' id='line_1_32' title="bbox 72 2294 879 2359; baseline -0.002 -11"><span class='ocrx_word' id='word_1_208' title='bbox 72 2294 193 2348; x_wconf 70' lang='lat' dir='ltr'>sordidis</span> <span class='ocrx_word' id='word_1_209' title='bbox 205 2295 361 2356; x_wconf 84' lang='lat' dir='ltr'>exsolutus,</span> <span class='ocrx_word' id='word_1_210' title='bbox 372 2297 461 2347; x_wconf 90' lang='lat' dir='ltr'>libens</span> <span class='ocrx_word' id='word_1_211' title='bbox 472 2299 571 2359; x_wconf 81' lang='lat' dir='ltr'>tenuit,</span> <span class='ocrx_word' id='word_1_212' title='bbox 579 2297 745 2349; x_wconf 90' lang='lat' dir='ltr'>moderante</span> <span class='ocrx_word' id='word_1_213' title='bbox 755 2296 879 2358; x_wconf 85' lang='lat' dir='ltr'>Tiberio,</span> 
     </span>
     <span class='ocr_line' id='line_1_33' title="bbox 69 2364 880 2432; baseline 0.001 -18"><span class='ocrx_word' id='word_1_214' title='bbox 69 2365 109 2415; x_wconf 81' lang='lat' dir='ltr'>ne</span> <span class='ocrx_word' id='word_1_215' title='bbox 128 2365 222 2430; x_wconf 78' lang='lat' dir='ltr'>plures</span> <span class='ocrx_word' id='word_1_216' title='bbox 239 2379 321 2432; x_wconf 83' lang='lat' dir='ltr'>quam</span> <span class='ocrx_word' id='word_1_217' title='bbox 337 2370 469 2430; x_wconf 88' lang='lat' dir='ltr'>quattuor</span> <span class='ocrx_word' id='word_1_218' title='bbox 483 2364 647 2417; x_wconf 87' lang='lat' dir='ltr'>candidatos</span> <span class='ocrx_word' id='word_1_219' title='bbox 662 2364 880 2426; x_wconf 87' lang='lat' dir='ltr'>commendaret,</span> 
     </span>
    </p>
   </div>
   <div class='ocr_carea' id='block_1_5' title="bbox 71 2433 955 2501">
    <p class='ocr_par' dir='ltr' id='par_1_7' title="bbox 71 2433 955 2501">
     <span class='ocr_line' id='line_1_34' title="bbox 71 2433 955 2501; baseline -0.001 -16"><span class='ocrx_word' id='word_1_220' title='bbox 71 2435 133 2485; x_wconf 83' lang='lat' dir='ltr'>sine</span> <span class='ocrx_word' id='word_1_221' title='bbox 147 2434 258 2500; x_wconf 86' lang='lat' dir='ltr'>repulsa</span> <span class='ocrx_word' id='word_1_222' title='bbox 269 2439 297 2484; x_wconf 87' lang='lat' dir='ltr'>et</span> <span class='ocrx_word' id='word_1_223' title='bbox 307 2433 413 2484; x_wconf 86' lang='lat' dir='ltr'>ambitu</span> <span class='ocrx_word' id='word_1_224' title='bbox 423 2433 618 2501; x_wconf 76' lang='lat' dir='ltr'>designandos.</span> <span class='ocrx_word' id='word_1_225' title='bbox 652 2434 730 2485; x_wconf 86' lang='lat' dir='ltr'>luter</span> <span class='ocrx_word' id='word_1_226' title='bbox 739 2448 810 2500; x_wconf 87' lang='lat' dir='ltr'>quae</span> <span class='ocrx_word' id='word_1_227' title='bbox 818 2434 880 2485; x_wconf 67' lang='lat' dir='ltr'>Tri»</span> <span class='ocrx_word' id='word_1_228' title='bbox 952 2489 955 2494; x_wconf 18' lang='lat'><strong>¹</strong></span> 
     </span>
    </p>
   </div>
   <div class='ocr_carea' id='block_1_6' title="bbox 69 2495 880 2752">
    <p class='ocr_par' dir='ltr' id='par_1_8' title="bbox 69 2495 880 2752">
     <span class='ocr_line' id='line_1_35' title="bbox 69 2495 879 2577; baseline -0.01 -21"><span class='ocrx_word' id='word_1_229' title='bbox 69 2503 138 2556; x_wconf 77' lang='lat' dir='ltr'>burli</span> <span class='ocrx_word' id='word_1_230' title='bbox 149 2503 239 2568; x_wconf 78' lang='lat' dir='ltr'>plebei</span> <span class='ocrx_word' id='word_1_231' title='bbox 244 2495 530 2570; x_wconf 74' lang='lat' dir='ltr'>petivere‚utproprio</span> <span class='ocrx_word' id='word_1_232' title='bbox 542 2504 658 2568; x_wconf 49' lang='lat' dir='ltr'>sumptu,</span> <span class='ocrx_word' id='word_1_233' title='bbox 663 2502 780 2577; x_wconf 80' lang='lat' dir='ltr'>ederent</span> <span class='ocrx_word' id='word_1_234' title='bbox 789 2501 879 2561; x_wconf 88' lang='lat' dir='ltr'>ludos,</span> 
     </span>
     <span class='ocr_line' id='line_1_36' title="bbox 71 2568 880 2638; baseline -0.01 -15"><span class='ocrx_word' id='word_1_235' title='bbox 71 2573 118 2638; x_wconf 78' lang='lat' dir='ltr'>qui</span> <span class='ocrx_word' id='word_1_236' title='bbox 136 2571 171 2623; x_wconf 90' lang='lat' dir='ltr'>de</span> <span class='ocrx_word' id='word_1_237' title='bbox 182 2576 294 2623; x_wconf 90' lang='lat' dir='ltr'>nomine</span> <span class='ocrx_word' id='word_1_238' title='bbox 304 2573 438 2638; x_wconf 68' lang='lat' dir='ltr'>Angrrsti,</span> <span class='ocrx_word' id='word_1_239' title='bbox 446 2571 526 2622; x_wconf 80' lang='lat' dir='ltr'>lastis</span> <span class='ocrx_word' id='word_1_240' title='bbox 537 2568 880 2634; x_wconf 56' lang='lat' dir='ltr'>adoimtllngustalesro-</span> 
     </span>
     <span class='ocr_line' id='line_1_37' title="bbox 71 2641 880 2752; baseline -0.017 -57"><span class='ocrx_word' id='word_1_241' title='bbox 71 2647 216 2752; x_wconf 48' lang='lat' dir='ltr'>menig„</span> <span class='ocrx_word' id='word_1_242' title='bbox 249 2641 880 2723; x_wconf 43' lang='lat' dir='ltr'>seddecretapetnniauexaerarin‚utqueper</span> 
     </span>
    </p>
   </div>
   <div class='ocr_carea' id='block_1_7' title="bbox 0 0 1026 3025">
    <p class='ocr_par' dir='ltr' id='par_1_9' title="bbox 0 0 1026 3025">
     <span class='ocr_line' id='line_1_38' title="bbox 0 0 1026 3025; baseline 0 0"><span class='ocrx_word' id='word_1_243' title='bbox 0 0 1026 3025; x_wconf 95' lang='lat' dir='ltr'> </span> 
     </span>
    </p>
   </div>
  </div>
 </body>
</html>
