2034 3025
126 146 243 201 Liui.
262 144 401 199 cnuto
410 144 455 197 tt.
475 143 519 212 [A.
527 148 562 200 V.
572 145 631 215 768.
647 144 723 199 Ml.
736 146 790 215 ι5.]
830 146 871 202 41

57 252 172 306 Tiberis
181 250 265 317 plana
279 250 357 301 urbis
371 254 564 315 stagnarsrsts
585 248 757 301 relabentem
770 258 869 304 secata

58 329 102 373 est
112 320 304 383 aedificiorum
316 322 345 369 et
353 316 495 369 hominum
506 323 625 399 strages.
660 317 750 384 igitur
758 321 869 373 demit

56 392 171 441 Asinius
187 388 293 451 Gallus,
314 395 345 437 nt
364 386 429 437 lidri
450 384 577 453 Sibyllinis
594 384 749 438 adiremus.
774 393 869 442 renuit

57 460 201 519 Tiberius,
221 456 336 523 perinde
346 455 439 506 divina
449 452 624 525 humanaque
634 456 776 524 obtegens
811 456 868 511 Sed

55 527 214 581 remedium
234 524 381 577 coercendi
400 522 523 576 lluminis
535 527 616 579 Ateio
630 526 771 592 capitoni,
790 531 820 578 et
833 525 868 579 1.

55 596 192 649 Arruntio
203 594 374 645 mandatum.
401 590 534 645 Achaiam
544 610 579 646 nc
588 594 793 657 Mscedouianr,
804 608 870 647 one

56 680 90 717 ra
102 664 298 730 deprecantis,
318 662 404 715 levari
418 664 447 712 in
463 676 595 729 praesens
608 663 803 729 proconsulari
817 665 870 715 im·

57 736 149 800 perio,
160 732 290 799 tradique
301 732 411 783 Gaenri
422 730 538 797 placuit.
573 732 696 784 Edendi·
705 732 870 799 gladiatori·

56 804 119 865 bus,
136 815 207 868 quos
217 800 375 851 Germanici
386 798 481 850 fratris
492 814 526 850 ac
534 814 586 851 suo
596 802 707 852 nornine
717 801 869 865 obtulerat,

56 870 171 921 Drusus
193 868 348 935 praesedit,
396 882 543 935 uamquam
563 868 612 919 vili
630 871 766 937 sanguine
785 872 869 923 nimis
893 900 905 913 .

55 938 200 1006 gaudens:
211 884 602 1005 quodvulgoiormidolosum,
613 944 643 989 et
653 943 734 1006 pater
743 941 874 1011 arguisse·
931 978 936 987 .

54 1006 213 1060 dicebatur.
251 1008 308 1057 Cur
326 1005 493 1057 abstinuerit
512 1007 672 1073 spectaculo
692 1009 766 1074 ipse,
792 1009 869 1061 rarle

52 1075 220 1127 trahebant:
231 1074 278 1125 alii
289 1074 382 1127 taedio
393 1080 498 1138 coetus,
507 1075 620 1144 quidam
629 1078 746 1128 tristius
753 1078 869 1147 ingenii,

53 1150 85 1197 et
95 1150 176 1196 metu
186 1144 411 1210 comparationis,
431 1144 496 1211 quia
506 1146 648 1212 Augustus
657 1148 774 1198 comiter
783 1149 869 1199 inter·

53 1214 166 1266 fuisset.
202 1212 265 1265 Nun
276 1212 452 1275 crediderim,
462 1213 498 1263 ad
509 1215 704 1267 ostentandam
713 1217 869 1280 saevitiam,

53 1282 263 1352 movendasque
274 1283 369 1349 populi
380 1280 557 1344 offensiones,
571 1297 732 1335 concessam
742 1284 801 1336 lilio
811 1298 869 1337 ms·

53 1354 170 1405 teriem:
188 1366 354 1419 quamquam
365 1351 394 1402 ld
403 1366 515 1418 quoque
525 1350 629 1403 dictum
639 1358 691 1405 est.
890 1346 894 1353 ’

109 1420 251 1475 LXXVll.
261 1422 297 1471 lit
308 1420 411 1473 theatri
421 1420 545 1483 lieentia,
552 1424 680 1487 proximo
689 1422 784 1487 priore
792 1432 867 1475 anno

53 1496 167 1560 coepta,
178 1491 289 1558 gravius
299 1494 360 1540 tum
370 1490 470 1556 erupit,
481 1492 580 1542 occisis
590 1505 647 1541 non
657 1490 741 1542 modo
751 1506 768 1543 e
777 1489 868 1557 plebe,
944 1549 949 1556 ,

51 1562 105 1614 sed
116 1560 252 1616 militibus
263 1565 293 1610 et
302 1560 481 1623 centurione,
501 1559 649 1611 vulnerato
665 1559 778 1611 tribuno
788 1569 868 1626 pree·

51 1633 146 1682 toriae
158 1627 292 1690 cohortis,
304 1629 370 1680 dum
380 1629 482 1696 probra
492 1629 521 1679 in
532 1631 713 1696 magistratus
723 1633 753 1681 et
762 1625 868 1681 disson·

50 1702 163 1751 sionem
173 1698 250 1764 vulgi
263 1696 418 1763 prohibent.
446 1697 547 1752 Actum
557 1698 593 1751 do
602 1712 637 1750 ea
645 1698 782 1751 seditione
792 1698 868 1766 apud

50 1769 164 1830 Patres,
175 1763 395 1838 dicebanturque
406 1769 570 1830 sententiae,
588 1776 621 1819 at
631 1767 812 1820 Praetoribus
821 1768 867 1822 iss

49 1838 199 1906 virgarum
218 1835 247 1888 in
271 1832 417 1887 histriones
436 1845 515 1888 esset.
551 1838 710 1889 intercessit
729 1839 865 1890 Haterius

50 1908 179 1974 Agrippa
204 1903 334 1956 tribunus
353 1904 463 1970 plebei,
490 1907 699 1974 increpitusque
717 1913 762 1959 est
776 1909 865 1962 Asinii

51 1976 132 2028 Galli
144 1975 289 2036 oratione,
308 1973 409 2024 silente
424 1974 549 2037 Tiberio,
568 1977 615 2042 qui
626 1990 661 2026 ea
669 1977 820 2030 simulacta
831 1977 865 2029 lt

49 2044 172 2100 bertatis
182 2041 298 2096 Senatui
306 2040 469 2111 praebenat.
490 2043 580 2094 valuit
588 2050 684 2104 tamen
692 2047 866 2112 intercessio,

52 2115 119 2184 quia
140 2113 221 2179 dinis
242 2113 384 2179 Augustus
406 2109 536 2164 immunes
560 2113 699 2167 serlmnm
716 2115 865 2170 histriones

52 2181 400 2252 quondamresponderat,
409 2181 558 2249 nequesas
568 2184 691 2248 Tssierio,
710 2185 864 2252 infringere
944 2234 947 2243 ‚

52 2255 130 2306 dicta
141 2255 211 2304 eius.
247 2251 291 2302 De
301 2251 385 2302 modo
400 2250 519 2314 lucaris,
539 2257 568 2303 et
578 2253 711 2305 adversus
721 2254 864 2308 lasciviam

51 2323 212 2384 fautorum,
231 2321 322 2371 multa
332 2321 532 2373 decernuntur:
550 2336 585 2374 ex
595 2327 658 2390 quis
668 2326 788 2376 maxime
797 2325 864 2379 insi·

52 2393 134 2460 guia:
154 2407 188 2444 ne
199 2390 288 2442 domos
298 2389 526 2456 pantomimorum
537 2389 654 2443 Senator
664 2391 812 2454 introiret‚·
829 2409 864 2446 ns

52 2458 219 2530 egredientis
239 2457 268 2512 in
289 2457 428 2528 pullicum
448 2459 552 2528 equites
570 2459 688 2512 Romani
705 2461 862 2529 cingerent,

52 2527 184 2582 astolidi
202 2545 282 2596 quam
297 2529 328 2581 in
342 2527 450 2580 theatro
461 2538 678 2596 spectarentur&
696 2538 724 2580 et
742 2538 866 2596 spectas·

52 2598 123 2650 tium
138 2596 334 2650 immodestiam
350 2595 445 2651 exsilio
462 2597 598 2652 multandi
610 2605 736 2668 potestas
746 2597 865 2647 Praeto-

50 2667 129 2754 ribus
140 2665 235 2742 ficret.
342 2697 351 2706 ·
