2034 3025
161 110 211 162 tto
245 104 549 160 misronilitvm
568 104 724 176 [A.V.825.
743 99 889 171 A.G7o.]

157 204 339 263 Faventinus,
366 201 512 260 Centurio,
540 212 591 263 per
601 198 779 265 ignominiam
794 195 971 247 aGalbarli·

156 275 271 333 missus,
288 262 518 321 addetectionen
529 268 630 329 traxit,
649 267 720 317 lictis
731 264 907 330 Vespasiani
917 250 972 333 epi·
1005 291 1009 302 ·

156 342 238 395 stolis
246 340 364 407 pretium
374 336 539 404 proditionis
549 341 700 387 ostentans.
730 334 878 386 Praeerat
889 336 972 386 classi
1012 330 1013 367 ³

157 411 288 464 claudius
303 407 483 474 Apollinaris,
510 420 603 471 neque
612 403 680 456 fidei
694 409 841 465 constans,
876 420 970 471 neque

156 486 287 532 munus
294 478 325 527 in
334 476 459 543 perlislia.
494 479 524 525 et
534 475 648 541 Apinius
658 474 736 535 Tiro,
750 472 900 525 Praetura
911 474 971 525 fun-

38 602 62 611 „
157 555 233 610 ctus,
250 563 284 598 oc
292 552 351 597 tum
362 544 436 595 forte
446 543 598 594 Minturnis
607 556 707 609 agens,
725 542 836 593 Ducem
847 558 884 593 se
895 543 970 595 dese.

158 618 281 669 ctoribus
290 614 402 667 obtulit.
430 629 448 664 a
457 613 556 679 quibus
567 612 716 677 municipia
725 611 922 678 coloniaeque
932 612 968 663 iu-

159 687 271 754 pulsae,
302 680 690 750 praecipuo-Puteolanorum
709 680 737 729 in
757 679 968 745 Vespasianum

157 754 270 814 studim
281 758 379 803 contra
389 752 484 816 Capua
492 749 611 802 Vitellio
622 748 694 811 fida,
712 749 916 813 municipalem
928 765 968 800 ac·

159 823 339 882 mulationem
362 818 446 871 bellis
470 818 596 869 civilibus
616 816 784 869 miscebant.
834 816 967 869 Vitellius

160 890 307 943 claudium
326 886 466 939 lulianum
485 889 522 948 (is
541 900 629 951 nuper
641 886 758 937 classem
773 883 968 938 Misenensem

106 983 111 987 ·
132 1018 137 1026 ¹
159 959 236 1011 molli
247 958 362 1022 imperio
377 958 501 1015 rexerat)
518 954 722 1020 permulcendis
733 953 859 1004 militum
870 958 969 1009 animis

159 1027 269 1094 delegit.
304 1025 371 1075 (lata
385 1025 414 1075 in
428 1024 563 1075 auxilium
578 1023 685 1075 urbana
700 1020 800 1074 cohors
816 1028 848 1073 et
863 1024 968 1090 gladia-

158 1102 249 1157 tores,
268 1092 499 1159 quibuslulianus
516 1090 653 1155 praeerat.
689 1093 728 1142 Vt
743 1090 859 1143 conlata
870 1096 968 1143 utrim-

160 1178 214 1231 que
225 1168 331 1223 eastra,
360 1159 435 1211 haud
444 1174 547 1225 magna
557 1161 733 1210 cunctatione
742 1158 855 1211 luliano
867 1162 897 1211 in
910 1177 969 1227 par·

159 1238 203 1285 tes
211 1229 374 1297 Vespasiani
385 1234 570 1295 transgresso,
587 1230 770 1281 Tarracinam
780 1242 970 1294 occupavere,

160 1301 305 1355 moenibus
329 1298 440 1365 situque
462 1298 567 1363 magis,
604 1312 687 1364 quam
706 1298 836 1363 ipsorum*
853 1299 969 1366 ingenio

53 1370 57 1380 ’
160 1376 259 1423 tutam.

190 1474 194 1480 ·
213 1438 312 1491 tvm.
328 1438 407 1508 Quae
416 1434 464 1487 ubi
473 1434 590 1489 Vitellio
601 1436 720 1503 cognita,
731 1438 812 1501 perte
822 1438 970 1501 copiarum

161 1508 284 1563 Narniae
298 1521 360 1561 eum
370 1504 525 1560 Praefectis
540 1504 679 1558 Praetorii
694 1506 806 1566 relicta,
835 1502 874 1556 L.
888 1504 970 1556 Vitel-

160 1579 229 1631 lium
239 1577 441 1639 matroneum
450 1589 500 1626 sex
510 1573 669 1628 cohortibus
680 1579 709 1626 et
719 1575 885 1640 quingentis
898 1576 971 1642 equi·

159 1649 243 1710 tibus,
259 1647 399 1713 ingruenti
410 1658 460 1710 per
471 1644 649 1708 Campaniam
658 1643 733 1696 bello
743 1644 892 1709 opposuit
908 1645 974 1710 lpse

67 1758 74 1775 s
160 1714 358 1783 cogeremini,
385 1713 485 1764 studiis
499 1713 620 1764 militum
635 1717 664 1764 et
678 1711 847 1763 clamoribus
864 1713 975 1778 populi,

161 1799 240 1836 arma
250 1784 400 1849 poscentis,
423 1780 614 1834 refovebatur:
640 1781 976 1847 iumvulgusjgnavum,

161 1851 449 1907 etnibilultraverbo
457 1865 605 1912 ausurum,
634 1849 804 1915 salsaspecie
815 1847 978 1902 exercitum

162 1928 192 1974 et
200 1921 317 1990 legiones
328 1919 461 1987 adpellata
476 1941 480 1949 ·
496 1919 683 1980 Hor-tentibus
694 1915 800 1970 libertis
811 1922 893 1980 (narn
905 1921 979 1970 ami-

162 2005 259 2044 corum
269 1991 328 2040 cius
338 1994 442 2056 quanto
454 1988 515 2054 quis
526 1987 642 2052 clarior,
672 1989 762 2040 minus
772 1986 857 2047 lidus)
876 1987 980 2040 vocari

163 2057 251 2110 trion
261 2058 346 2108 iubet
381 2057 488 2108 Dentes
499 2057 612 2108 uomina
622 2061 796 2108 sacramento
806 2055 910 2122 adigit.
932 2073 980 2108 su·

162 2125 319 2195 perfluente
327 2123 520 2187 multitudine,
550 2141 643 2177 curam
655 2126 779 2180 delectus
789 2126 818 2175 in
830 2124 980 2178 Consules

164 2197 293 2264 partitur.
327 2193 476 2252 Servorum
486 2200 671 2258 numerumet
682 2193 788 2261 pondus
798 2195 915 2259 urgenti
928 2193 981 2248 Se·

96 2287 98 2289 >
163 2267 307 2318 autoribus
317 2264 423 2316 indicit.
456 2263 571 2330 Equites
580 2265 697 2319 Romani
709 2262 836 2344 obtulere
849 2278 979 2329 operam

165 2337 362 2401 pecuniasque,
391 2334 475 2384 etiam
489 2333 712 2386 libertinisidem
723 2346 822 2384 munus
833 2331 917 2384 ultro
929 2333 981 2386 lla-

166 2404 343 2470 gitantibus..
363 2402 405 2452 Ea
419 2401 561 2452 simulatio
577 2399 671 2462 cilicii,
700 2418 717 2452 a
736 2405 812 2454 metu
828 2401 981 2466 proiecta,

98 2518 113 2539 Ι,
134 2482 137 2486 ’
164 2475 289 2534 verterat
303 2469 479 2522 insererem.
514 2469 552 2518 Et
565 2468 689 2535 plerique
704 2469 778 2520 haud
795 2470 917 2538 perinde
929 2472 982 2524 Vi·

166 2539 283 2600 tellium,
301 2554 383 2605 quam
395 2552 488 2589 casum
499 2535 646 2602 locumque
657 2537 838 2604 Principatus,
855 2541 982 2592 misera·

167 2606 274 2656 bantur.
302 2606 540 2669 necdceratipsc:
560 2604 648 2666 vultu,
666 2621 746 2660 voce.
768 2599 905 2664 lacrimis.
930 2612 984 2660 mi·
