2034 3025
155 136 206 191 168
239 134 545 189 nlsronrnevm
579 132 726 201 [A.v.82s
737 133 872 203 A.C.7o.]

128 303 134 307 ι
151 242 273 303 militum
284 246 332 293 aut
342 240 438 308 popuii
450 238 616 289 discrimine.
646 239 724 301 Quae
734 241 861 299 saevitia,
874 254 971 292 reeen-

154 314 230 365 tibus
250 309 330 373 odiis,
348 309 481 374 sanguine
501 308 678 373 explebatur,
707 308 771 358 dein
790 313 922 360 verterat
941 312 971 359 in

155 380 312 432 avaritiam.
347 374 415 427 nihil
425 391 540 443 usquam
547 382 684 427 secretum
696 382 744 425 aut
755 376 885 427 clausum
896 379 970 428 sine·

155 448 237 511 bant,
260 444 417 497 Vitellianos
434 442 582 507 occultari,
600 444 772 496 simulantes.
808 445 929 497 Initium
940 446 969 497 id

155 514 414 586 perfringendarum
426 513 571 574 domuum3
581 512 636 576 vol,
653 514 677 563 si
689 514 879 576 resisteretur,
890 530 969 565 caus·

156 602 190 639 sa
201 585 300 637 caedis.
318 597 369 641 nec
381 583 477 633 deerat
486 583 681 648 egentissimus
696 584 813 649 quisque
824 598 861 633 ex
872 583 968 649 plebe:

157 662 186 708 et
196 653 307 721 pessimi
320 652 495 703 servitiorum
507 650 628 717 prodere
643 650 719 701 ultro
735 650 807 701 dites
822 650 966 702 dominos:

156 724 206 777 alii
215 724 250 775 ab
260 722 355 774 amicis
366 720 600 771 monstrabantur.
636 719 745 787 Vbique
755 719 890 783 lamenta,
904 734 967 771 cou-

157 791 339 844 clamationes
350 795 378 839 et
389 787 480 839 forma
491 794 587 853 captae
602 780 691 839 urbis:
710 787 780 839 adeo
790 793 823 837 ut
834 788 966 841 Othonia·

156 862 187 913 ui
197 858 395 924 Vitellianique
406 858 501 907 militis
512 857 648 908 invidiosa
659 862 743 908 antea
753 857 912 922 petulantia
922 858 965 908 de·

157 928 337 980 sideraretur.
372 926 465 977 Duces
479 927 613 992 partium,
633 925 810 977 accendendo
825 926 900 976 civili
910 925 965 977 bel·

156 997 186 1051 lo
196 1011 284 1057 acres,
302 994 502 1061 temperandae
519 996 652 1046 victoriae
666 996 786 1059 inpares.
823 996 927 1061 quippe
937 996 963 1043 in

157 1066 256 1117 turbas
267 1069 296 1115 et
306 1063 460 1115 discordias
469 1064 591 1129 pessimo
606 1064 705 1131 cuique
715 1062 836 1131 plurima
845 1065 901 1114 ris:
912 1077 965 1131 pax

159 1140 189 1189 et
198 1136 276 1205 quies
286 1133 365 1184 bonis
380 1133 488 1183 artssrus
497 1132 632 1201 indigent.

209 1272 247 1325 ll.
281 1268 389 1323 Nomen
399 1270 548 1338 sedemque
566 1270 692 1325 Caesaris
700 1270 880 1323 Domitianus
890 1282 964 1322 acce·

159 1349 253 1410 peret:
272 1337 393 1393 noudum
405 1340 527 1391 adcuras
537 1341 669 1401 intentus,
675 1340 723 1391 sed
735 1343 838 1406 stupris
849 1346 880 1391 et
889 1340 964 1390 adnl-

159 1413 240 1464 teriis
250 1410 337 1461 filium
349 1410 484 1476 Principis
494 1410 602 1477 agebat.
639 1407 818 1461 Praefectura
828 1408 966 1460 Praetorii

158 1496 246 1550 penes
264 1480 376 1534 Arrium
396 1477 514 1532 Varum:
533 1493 641 1530 summa
661 1479 803 1544 potentiae
824 1479 852 1528 in
874 1478 966 1529 Primo

159 1551 288 1603 Antonio.
311 1550 340 1598 *is
351 1549 493 1615 pecuniam
505 1547 695 1614 familiamque
705 1563 720 1598 e
730 1547 865 1613 Principis
876 1547 966 1609 domo,

160 1621 240 1686 qnasi
256 1621 468 1670 cremonensem
485 1615 631 1682 praedam,
648 1627 760 1682 rapere:
779 1617 866 1666 ceteri
876 1615 968 1667 mode·

120 1689 122 1695 '
160 1691 216 1739 stia
225 1687 270 1738 rel
280 1685 464 1754 ignobilitate,
480 1692 512 1735 ut
522 1686 549 1734 in
558 1685 634 1737 bello
646 1685 764 1746 obscuri,
783 1685 968 1750 itapraeurio-

159 1771 223 1808 rum
236 1761 373 1822 expertes.
405 1755 513 1804 ¹Ciuitas
523 1754 660 1819 paridaet
671 1754 784 1804 servitio
796 1759 905 1820 parate,
926 1771 968 1806 nc·

160 1823 420 1890 cupnrdredeuntem
434 1820 588 1874 Tarracina
601 1816 635 1872 L.
651 1819 789 1874 Vitellium
806 1837 867 1874 cem
877 1821 970 1875 cobor-

161 1893 248 1957 titus,
265 1890 571 1960 exstinguiquerelipue
585 1890 660 1954 delli,
679 1890 847 1956 postulabat.
884 1891 970 1944 Prae·

160 1963 237 2014 missi
244 1962 368 2032 periciam
381 1961 501 2028 equites:
520 1975 617 2026 agmen
635 1959 774 2027 legionum
789 1961 865 2010 intra
877 1959 972 2012 Bovil-

161 2031 205 2082 las
215 2030 304 2080 stetit
340 2028 399 2095 Nec
413 2035 560 2080 cunctatus
576 2033 619 2078 est
629 2028 769 2089 Vitellius,
787 2043 873 2095 seque
884 2034 914 2080 et
924 2044 970 2081 co·

161 2097 258 2150 bortes
273 2098 389 2150 arbitrio
404 2097 515 2153 victoris
530 2095 701 2161 permittere.
736 2098 773 2149 Et
783 2097 863 2148 miles
877 2097 971 2150 infeli·

162 2169 207 2220 cia
217 2182 303 2230 erma,
320 2165 395 2220 haud
406 2165 558 2226 miuusira,
579 2180 660 2232 quarn
671 2169 748 2218 metu
759 2166 867 2217 abiecit.
895 2165 971 2219 Lon·

162 2252 215 2304 gus
231 2237 389 2290 deditorum
405 2234 482 2295 ordo,
500 2239 595 2302 septus
610 2235 735 2297 armetis,
753 2248 803 2301 per
817 2235 914 2286 urbem
930 2237 969 2286 in·

163 2307 255 2358 cessit
290 2320 372 2358 nemo
387 2299 502 2369 supplici
517 2303 605 2366 vultu,
623 2302 783 2355 sed'tristes
798 2310 827 2355 ct
835 2308 932 2355 truces
943 2310 972 2356 et

162 2374 308 2426 adversum
322 2372 436 2438 plausus
455 2386 488 2422 ac
502 2371 644 2422 lasciviam
661 2371 822 2424 insultantis
834 2373 913 2440 vulgi
928 2374 970 2424 in·

161 2442 289 2492 mobiles.
322 2451 424 2502 paucos
434 2449 581 2504 erumpere
597 2453 695 2502 ausos,
713 2439 884 2492 circumiecti
892 2456 970 2507 pres-

108 2545 115 2549 .
161 2523 233 2559 sere.
269 2507 353 2557 ceteri
366 2504 395 2553 in
410 2506 564 2556 custodiam
580 2507 692 2558 conditi.
728 2506 806 2559 Nihil
819 2511 971 2576 quisquam

161 2575 273 2630 locutus
283 2571 435 2638 indiguum,
453 2579 490 2634 et,
508 2587 674 2640 quamquam
685 2571 760 2626 intei'
769 2575 896 2638 aduersa,
915 2577 970 2629 sal·

161 2653 198 2690 ra
206 2641 316 2690 virtutis
332 2637 413 2690 fama.
448 2639 522 2693 Dein
536 2641 567 2693 1..
578 2642 709 2694 Vitellius
723 2643 899 2710 interficitur,
916 2657 971 2714 par
