2034 3025
170 104 221 160 112
289 102 853 177 nnunnrvnr[A.v,77s.namq
945 64 947 73 ¹

807 188 979 201 —--·—-—-·—.

62 238 74 266 x
163 209 566 278 simulceterailliusactatis‚
586 210 757 273 memorabo,
774 213 806 274 si,
828 206 939 265 effectis
950 215 986 277 itt

168 292 240 348 quae
254 279 371 341 tetendi,
385 275 479 344 plures
494 278 529 328 ad
545 293 625 328 curas
639 280 725 330 vitam
740 281 909 347 produxero.
941 283 981 335 D.

69 392 75 398 ,
169 350 289 411 Silanus,
303 350 332 398 in
342 350 420 415 nepti
430 348 545 414 Augusti
556 347 674 411 adulter,
689 347 854 417 quamquam
865 366 924 403 non
935 352 981 403 ul-

167 426 215 472 tra
223 418 300 478 foret
308 418 455 479 saevitum,
473 432 556 483 quam
566 422 599 467 ut
609 420 732 470 amicitia
742 420 869 471 Caesaris
879 420 978 488 prohi-

166 488 296 549 beretur,
318 486 444 538 exsilium
462 486 515 536 sibi
535 486 721 539 demonstrari
740 489 891 541 intellexit:
912 505 977 553 nec,

168 559 224 610 nisi
234 557 346 609 'liberio
357 556 542 620 imperitante,
552 556 695 623 deprecari
706 556 839 609 Senatum
849 573 883 611 ac
893 558 977 611 Prin·

165 629 258 694 cipem
268 641 352 677 amus
363 629 415 686 est,
435 625 474 675 Μ.
485 614 573 675 Silani
589 625 683 677 fratris
699 630 838 693 potentia,
858 630 906 695 qui
922 644 977 695 per

167 698 305 762 insignem
322 694 496 745 nobilitatem
514 701 543 746 ct
563 694 751 761 eloquentiam
776 696 977 763 praecellebat.

171 762 227 815 Sed
237 763 372 813 Tiberius
383 767 477 829 grates
491 766 585 831 agenti
600 763 703 828 Silano,
723 764 858 817 Patribus
867 781 975 831 coram,

99 831 106 838 '
170 832 322 898 respondit,
341 846 479 899 aequoque
495 833 604 895 laeteri,
623 836 694 901 quod
701 834 797 904 frater
808 834 865 887 circs
875 853 889 887 e
896 852 976 903 pere-

139 969 142 970 ?
167 900 327 971 grinatione
339 900 487 969 longinqua
503 902 666 957 revertisset.
685 904 764 972 idque
779 902 839 955 iure
858 904 975 969 licitum,

169 970 234 1039 quia
244 986 296 1022 non
308 969 557 1035 senatusconsulto,
576 975 629 1025 bon
639 974 697 1042 lege
709 975 804 1041 pulum
814 972 902 1043 foret.
921 972 976 1027 sibi

170 1049 261 1093 tamen
269 1040 397 1105 adversus
408 1055 466 1091 eum
474 1040 600 1112 integqao
606 1042 730 1109 parentis
740 1043 783 1093 rui
797 1041 975 1111 offensiones:

126 1118 132 1127 ‘
167 1124 252 1175 neque
264 1109 356 1161 reditu
372 1109 461 1161 Silani
478 1109 621 1174 dissoluta,
641 1111 861 1181 quaeAugustus
877 1111 976 1164 uoluis-

168 1188 218 1230 set.
235 1178 301 1230 Fuit
312 1177 428 1245 posthac
436 1181 465 1229 in
475 1180 554 1243 urbe,
564 1196 653 1247 neque
663 1180 783 1233 honores
792 1181 909 1247 adeptus
921 1188 973 1231 est.

220 1247 308 1301 XXV.
330 1248 459 1299 Relatum
468 1247 570 1302 deinde
581 1250 615 1301 de
626 1236 798 1302 moderanda
808 1249 894 1316 Papia
904 1250 973 1316 Pop-

93 1373 98 1379 *
169 1330 249 1385 paea,
269 1317 351 1384 qu‘am
362 1318 613 1386 seniorllugustus,
632 1325 696 1386 post
706 1320 790 1371 Iulias
805 1321 974 1385 rogationes,

169 1386 317 1438 incitandis
337 1387 474 1439 caelibum
488 1389 586 1453 poenis
602 1393 632 1439 et
646 1389 774 1456 augendo
791 1391 900 1441 aerario
912 1404 974 1439 san-

97 1476 100 1483 ·
169 1461 262 1508 xerat:
281 1470 334 1508 nec
348 1457 413 1508 ideo
425 1459 553 1524 coniugia
563 1462 592 1508 et
601 1457 780 1509 educationes
791 1458 906 1516 liberum
920 1456 974 1509 fre·

170 1527 386 1596 quentabantur,
407 1527 566 1593 praevalida
576 1528 703 1579 orbitate.
740 1527 973 1580 Ceterummulti-

171 1597 238 1648 tudo
248 1597 465 1662 periclitantium
476 1596 627 1663 gliscebat,
647 1612 707 1648 cunr
719 1598 808 1649 omnis
819 1597 916 1648 domus
927 1596 974 1648 de·

65 1657 90 1667 ‘
170 1666 291 1716 latorum
300 1665 577 1731 interpretationibus
587 1658 810 1718 subverteretur:
831 1670 973 1734 utquean·

169 1733 253 1785 teha'c
262 1732 388 1801 flagitiis,
406 1737 446 1783 ita
454 1730 522 1790 tnnc
532 1733 639 1801 legibus
650 1735 840 1788 laborabatur.
874 1737 916 1788 Ea
926 1749 972 1786 res

160 1803 310 1865 admonet,
330 1810 362 1854 ut
377 1802 411 1853 de
426 1803 568 1869 principiis
582 1805 665 1866 iuris,
686 1809 714 1856 et
727 1804 827 1872 ¹quibus
838 1803 925 1856 modis
935 1803 972 1854 ad

169 1869 241 1922 banc
260 1872 463 1924 multitudinem
485 1869 623 1932 infinitam
643 1888 676 1925 ac
694 1876 858 1928 varietatem
878 1872 972 1941 legum
1000 1873 1006 1892 ¹

168 1945 331 2008 perventum
342 1942 387 2002 sit,
397 1940 482 1992 altius
491 1941 634 1994 disseram.
935 1991 937 1996 .

160 2009 162 2014 ’
221 2007 321 2062 XXVl.
332 2011 521 2063 Vetustissimi
531 2011 700 2074 mortalium,
710 2011 787 2064 nulla
797 2010 887 2063 adhuc
896 2011 971 2063 mala

164 2079 300 2140 ¹libidine,
315 2079 375 2131 sine
385 2079 501 2145 probro,
517 2081 631 2144 scelere,
652 2095 741 2148 eoque
752 2083 813 2134 sine
824 2091 914 2148 poena
923 2087 973 2132 aut

170 2148 383 2200 mercitionibns
403 2149 536 2216 agebant:
557 2165 647 2218 neque
666 2152 796 2216 praemiis
816 2141 884 2216 opu's
901 2155 971 2211 erat,

105 2269 116 2278 ,
170 2231 233 2269 cum
242 2215 360 2269 honmta
368 2223 468 2284 suopte
477 2221 589 2285 ingenio
601 2224 777 2287 peterentur3
797 2224 835 2282 et,
845 2217 986 2270 ubinihil·

169 2289 268 2338 contre
276 2301 381 2339 rnorem
392 2293 530 2353 cuperent,
544 2288 613 2340 nibil
622 2303 672 2356 per
681 2293 786 2342 metum
797 2281 970 2340 vetabantur.

97 2370 99 2375 ·
169 2357 214 2418 nt,
228 2361 374 2424 postquam
385 2358 448 2408 exui
458 2357 620 2425 aequalitas,
635 2364 665 2410 et
674 2373 724 2425 pro
736 2357 872 2410 modestia
882 2369 914 2408 ac
924 2371 971 2422 pu·

170 2424 238 2477 dore
248 2427 361 2479 ambitio
372 2431 402 2477 at
412 2427 452 2477 vis
462 2426 622 2490 incedebat3
641 2440 793 2494 provenere
808 2427 969 2478 dominatio·

125 2554 128 2558 ,
169 2508 232 2545 nes:
250 2494 409 2562 multosque
434 2495 509 2561 apud
534 2497 652 2562 populos
672 2493 815 2548 aeternum
836 2501 968 2548 mansere.

165 2560 289 2625 Quidam
300 2567 404 2628 statim,
419 2571 469 2615 aut
482 2572 627 2632 postquam
638 2565 744 2632 Regum
754 2570 919 2631 pertaesum,
931 2563 967 2616 le·

169 2646 219 2699 ges
228 2632 394 2684 maluerunt.
410 2632 493 2688 *Hae
507 2637 610 2701 primo,
624 2633 744 2716 rudibus
756 2633 897 2687 homiuum
912 2633 964 2684 ani·
