2034 3025
131 88 183 148 stu
250 88 473 146 nunsmvu
491 87 651 159 [nvem
671 88 811 159 seen]

134 200 255 250 omnium
266 201 378 264 questus
390 185 523 254 anteibat,
542 195 592 244 sed
602 194 719 246 adverso
730 210 841 260 rumore
853 195 938 250 Sene·

134 281 168 319 oa
179 273 249 329 erat,
260 264 331 334 quod
339 264 461 316 oratione
472 262 525 314 tuti
536 258 729 334 consertionem
739 263 900 330 scripsisset.
931 313 937 322 ,

186 335 247 386 Xll.
267 337 342 386 Miro
351 339 444 386 temen
460 334 612 384 certamine
626 347 774 398 procerum
786 335 941 386 decernun-

28 425 31 435 ’
119 394 120 406 ’
132 397 180 458 tur
191 403 398 471 supplicationes
407 402 480 468 apud
489 399 579 452 osonio
584 401 753 466 puluinaria,
763 411 846 466 utque
853 401 939 466 Quiu-

134 483 259 544 quatrus,
270 471 364 538 quibus
374 479 487 538 oportue
497 469 709 533 essentiusirliae,
719 471 942 524 ludirauuuiree·

134 544 319 596 ledroreutur:
337 555 449 592 aureum
460 537 599 591 Minervae
618 538 793 592 simulacrum
806 540 837 592 iu
850 541 941 606 curlo,

135 620 163 664 et
181 611 262 662 iuxta
282 608 421 676 Principis
438 607 531 677 imago
551 615 733 660 statueretur:
762 609 817 660 diet
836 610 942 662 notatis

142 678 306 748 agrippinus
315 677 387 730 luter
397 678 520 798 effultos
530 687 606 730 erret.
640 677 768 729 Thrasea
776 676 888 742 Paetus,
904 682 940 731 si-

134 747 222 800 lentio
237 747 282 803 vel
300 746 378 806 brevi
397 762 414 798 a
434 761 518 799 sensu
537 749 644 814 priores
661 746 835 798 adulationes
850 754 941 799 trans-

136 819 250 868 mittere
268 817 376 878 solitus‚
396 817 464 868 exiit
476 821 536 866 tum
552 814 671 878 Senatu,
687 831 720 866 ae
739 817 791 867 sibi
812 830 940 868 caussam

136 885 251 952 periculi
261 883 336 946 lecit,
358 888 459 937 ceteris
469 884 607 937 libertatis
617 886 727 935 initium
737 887 940 951 nonpraebuit.

136 953 270 1020 Prodigia
285 968 393 1022 quoque
413 956 512 1006 crebra
531 959 560 1006 et
578 955 665 1004 insite
682 955 873 1006 intercessere.
894 971 942 1008 en-

138 1037 220 1090 guem
235 1024 317 1076 enixa
331 1023 444 1078 mulier:
464 1023 562 1075 etalio
576 1024 607 1073 in
621 1022 770 1074 concubitu
783 1025 877 1075 mariti
888 1023 941 1075 ful·-

137 1092 383 1143 snineexenimuta.
394 1093 449 1142 iarn
456 1091 497 1142 sol
507 1095 624 1157 repente
629 1093 802 1155 obscuratus,
814 1098 941 1146 ettaetee

116 1155 120 1162 ’
139 1160 174 1212 de
184 1160 262 1212 eaelo
273 1161 482 1242 quatuordeeim
493 1160 570 1209 urbis
581 1161 718 1226 regiones.
745 1176 816 1227 quae
826 1161 895 1212 ¹odeo
905 1162 941 1210 si·

137 1231 173 1281 n'e
185 1243 251 1281 eura
263 1230 352 1282 Deum
363 1229 541 1290 eveniebant,
560 1232 593 1278 ut
602 1229 706 1279 multos
717 1235 782 1296 post
791 1245 878 1281 annos
886 1227 941 1281 Ne

137 1313 171 1350 ro
182 1299 327 1365 imperium
338 1304 366 1349 et
375 1298 484 1350 seelera
493 1297 705 1349 continuaverit
738 1299 875 1362 Ceterum,
886 1311 942 1366 quo

139 1372 272 1436 gravaret
281 1367 414 1422 invidiam
425 1369 530 1430 rnetris,
545 1381 632 1435 eaque
642 1368 764 1431 demota,
783 1375 892 1421 auctam
904 1368 943 1419 le-

138 1439 255 1489 nitatem
270 1451 349 1488 suam
365 1439 579 1500 testificaretur,
597 1436 716 1489 semines
735 1438 879 1502 inlustres,
900 1438 945 1488 lu·

126 1509 213 1567 ,nium
231 1513 259 1559 et
270 1507 462 1573 Calpurniam,
482 1505 667 1570 Praefectura¹
679 1505 789 1560 uinctos
798 1507 944 1560 Valerium

13 1570 23 1579 ”
113 1624 114 1627 ,
141 1578 302 1643 Capitonem
314 1574 484 1629 etLioini'um
492 1576 639 1640 Gabolum,
649 1578 761 1645 sedibus
771 1579 870 1643 patriis
879 1576 944 1628 red·

30 2062 32 2066 “
97 2090 117 2132 ⁴.
137 2065 213 2125 gnte.

140 1646 219 1709 didit,
230 1647 264 1697 ab
274 1647 425 1713 Agrippina
437 1646 501 1696 olim
512 1641 623 1710 pulsos.'
641 1647 732 1696 Etiam
743 1645 851 1697 Lolliae
860 1645 946 1696 Paul·

139 1712 214 1767 linae
226 1717 331 1766 eineres
341 1716 489 1780 reportari,
499 1713 714 1779 sepulcrumque
725 1714 830 1763 exstrui
841 1716 945 1778 permi-

117 1782 120 1789 “
140 1784 189 1835 sit:
209 1798 333 1852 quosque
343 1787 402 1848 ipse
412 1796 499 1847 nuper
508 1780 696 1846 relegaverat,
716 1781 834 1831 Iturium
844 1785 872 1831 et
882 1781 947 1832 Gal·

140 1854 249 1915 vinium,
260 1866 350 1916 poene
361 1851 486 1901 exsolvit.
509 1847 579 1899 Nam
589 1848 686 1900 Silene
696 1846 755 1899 leto
766 1847 863 1899 fisneta
874 1856 945 1915 erat,

139 1920 293 1987 longinquo
303 1919 337 1969 eb
349 1918 606 1971 exsilioTarentum
616 1931 752 1983 regressa,
763 1918 876 1971 labante
886 1920 943 1981 iem
983 1922 992 1928 “

139 1990 299 2055 Agrippina,
313 1988 390 2038 euius
401 1986 554 2038 inimicitiis
564 1986 733 2052 conciderat,
746 1987 793 2040 vel
802 1991 863 2039 tum
872 1991 945 2041 miti·

192 2125 267 2177 Xlll.
286 2094 434 2177 cunctanti
452 2126 490 2175 in·
503 2126 612 2193 oppidis
632 2126 810 2194 campeniae,
829 2141 945 2193 quonam

115 2206 123 2226 ²
140 2196 215 2247 modo
225 2195 316 2247 urbem
324 2195 529 2263 tregrederetur:
548 2196 750 2267 auxolsequium
762 2196 892 2257 Senatus,
909 2212 946 2249 en

110 2300 113 2307 ‚
140 2263 324 2332 studiu'plelir
334 2263 477 2331 reperiret,
486 2268 578 2328 anxio,
589 2271 687 2318 eontra
696 2267 864 2319 deterrimus
873 2266 947 2347 quis·

38 2352 42 2359 ·
143 2348 210 2402 que,
230 2348 346 2402 quorum
358 2348 413 2384 non
424 2334 480 2387 alie
490 2337 568 2402 regio
580 2334 722 2387 secundior
737 2336 858 2398 exstitit,
876 2350 946 2385 suor-

141 2402 379 2474 sum‘slgrippiuae
389 2420 491 2467 nomen,
501 2412 530 2455 et
540 2413 626 2456 morte
638 2405 695 2457 eius
705 2418 844 2458 accensum
853 2401 946 2471 populi

138 2472 274 2546 savorem,
293 2474 446 2525 disserunt:
464 2472 689 2557 iretiutrepidur,
709 2483 738 2525 et
746 2472 946 2526 venerationem

142 2542 186 2595 sui
205 2555 296 2595 eoram
316 2542 500 2609 experiretur.-
518 2544 603 2593 simul
618 2543 766 2613 praegredi
785 2546 945 2609 exposcunt.

143 2618 172 2666 et
181 2614 360 2683 promptiora,
376 2627 458 2684 quiem
469 2615 663 2681 promiserant,
673 2614 831 2665 inveniunt:
850 2611 945 2677 obvias
