2034 3025
141 117 245 170 ivan
262 117 397 170 naurs.
416 120 620 173 vrrn‘onr.
640 103 680 174 is.
694 112 758 175 loc
791 126 844 180 nra

57 197 855 219 ..-.-—.------------.----........x

53 213 311 290 oequeoone'ordiom,
341 222 467 284 subiectio
481 221 632 278 exitiorum.
660 229 775 282 alteriue
789 247 844 283 ma.

52 310 106 357 nur,
121 291 291 346 Centuriones
302 293 422 354 ulterior,
442 293 494 344 rim
505 303 532 344 et
541 298 715 349 contumeliae
724 299 842 351 mimere.

52 362 173 416 nihilium
183 360 340 430 cupiditati,
359 361 428 414 notit
436 362 543 416 libidini
551 374 701 433 exceptum.
730 367 845 434 inproc-

52 432 85 484 lio
93 431 235 504 fortiorem
246 447 313 493 ome,
343 431 389 498 qui
398 432 511 498 spoliet:
539 450 609 486 nuno
619 435 652 486 ao
667 435 776 504 ignorit
788 440 845 504 ple·

51 517 154 567 rumque
164 507 191 552 et
200 499 347 552 imbellibus
358 500 428 568 eripi
438 501 536 571 domos,
551 503 676 555 obotrolei
685 505 792 568 liberor,
804 507 844 558 in·

50 570 123 638 iungi
133 571 261 630 delectur,
292 577 429 634 tamquam
443 571 629 634 mori-tantum
636 589 689 640 pro
693 575 792 643 patrio
798 587 845 627 ‘ne-

49 637 194 696 orientibus.
230 645 361 704 quantum
376 638 445 690 enim
456 641 586 693 transiere
596 642 727 705 militnm,
755 645 780 696 oi
789 659 844 695 rere

47 706 173 760 Britanni
183 707 341 758 numerent?
359 706 397 757 sio
411 707 572 762 Geronuniao
582 711 726 765 excurrisse
734 711 844 782 iugum:

49 785 75 828 et
78 774 201 844 flumine,
221 791 273 828 non
285 773 401 838 Oceano,
422 777 538 848 defendi.
573 779 764 848 oibipntrinm,
784 797 846 833 con·

45 845 132 913 iuges,
157 853 301 912 parentet:
328 843 384 896 illie
394 846 542 900 ororitiom
552 859 579 900 et
587 850 725 902 luxurium
735 867 844 903 roureto

47 911 176 966 bellieme.
212 929 374 977 recessuros,
398 923 434 974 nt,
439 913 478 966 D.
488 916 575 968 Iulius
585 920 749 984 recessisset,
768 921 844 972 modo

45 981 639 1038 virtuteemoiorumouorumoemrolorentur.
668 987 739 1039 Neve
744 989 845 1055 proelii

45 1051 122 1104 unlus
136 1059 186 1105 out
200 1052 315 1104 ulterius
329 1060 425 1102 eventu
436 1063 619 1116 perverterent.
649 1059 713 1122 plur
727 1058 845 1123 inpetus,

44 1119 375 1182 maioremeonotontiom,
400 1134 481 1184 penes
495 1121 676 1174 miteretense.
712 1125 845 1176 lornBri-

43 1196 185 1242 tonnorum
196 1187 278 1241 etium
287 1185 360 1238 Deos
371 1187 504 1250 misereri,
523 1189 570 1256 qni
578 1189 730 1245 Romanum
739 1191 845 1246 Ducem

42 1258 185 1321 absentem,
205 1256 251 1323 oui
261 1258 412 1325 relegatum
420 1255 450 1310 in
460 1257 517 1310 olio
524 1259 615 1310 insula
626 1261 783 1326 exereitum,
803 1263 846 1314 de-

42 1326 173 1380 tinerent:
191 1327 247 1378 inm
256 1326 337 1392 ipsos,
357 1326 429 1390 quod
438 1323 629 1390 difficillimum
634 1330 739 1398 fiterit,
751 1331 846 1382 delite-

41 1412 115 1448 rore.
136 1413 221 1463 porro
233 1395 263 1446 in
273 1393 401 1445 anemone·
415 1394 536 1446 consiliis
550 1395 726 1462 periculosius
736 1415 792 1450 em
803 1399 845 1450 de-

37 1463 178 1535 prehendi,
198 1463 396 1529 quomaudere.
487 1491 488 1494 =
747 1524 749 1529 .
837 1481 882 1491 ’-

93 1534 168 1587 XVl.
186 1534 238 1583 His
249 1538 332 1598 atque
342 1532 444 1585 talibus
455 1536 573 1587 inuicem
583 1536 722 1599 instincti,
744 1537 845 1588 Boadi-

40 1618 101 1667 oea,
118 1603 227 1670 generis
237 1602 317 1667 Regii
328 1601 439 1666 femina,
460 1604 539 1656 Duce
550 1608 652 1672 (oeque
663 1608 735 1657 euim
746 1620 845 1657 sexum

38 1676 70 1725 in
80 1672 205 1738 imperiis
215 1670 386 1733 discernunt)
399 1687 542 1739 sumpsere
551 1675 672 1726 universi
682 1674 797 1726 bellum:
813 1690 846 1727 ae
889 1714 894 1722 ,

38 1756 153 1810 sparsos
174 1756 224 1807 par
242 1740 356 1791 castella
370 1740 473 1793 milites
488 1744 653 1805 consectati,
680 1745 845 1811 expugnatio

37 1810 197 1882 praesidiis,
213 1812 301 1875 ipsam
312 1810 448 1861 coloniam
458 1811 594 1874 invasere,
614 1817 647 1863 ut
656 1812 750 1863 sedem
761 1815 845 1871 serri-

36 1882 117 1935 tutis.
157 1895 208 1931 nee
218 1879 305 1929 ullum
319 1880 347 1929 in
361 1880 487 1931 barbaris
505 1882 637 1932 saevitiae
652 1883 846 1949 genusomistt

34 1955 82 2004 ira
94 1955 123 2002 ot
133 1950 259 2001 victoria.
285 1950 365 2011 Quod
377 1952 430 2001 nisi
441 1948 593 2012 Paullinus,
614 1951 727 2017 cognito
738 1954 846 2016 proriu-

35 2024 98 2075 aiae
115 2024 209 2082 motu,
235 2034 352 2085 propere
368 2020 558 2081 subvenisset,
586 2020 688 2070 amissa
697 2020 845 2076 Britannia

14 2092 127 2145 ‘forem
159 2103 240 2155 quarn
255 2092 336 2139 unius
352 2088 451 2155 proelii
462 2087 577 2139 fortuna
589 2089 678 2140 reteri
689 2091 843 2155 patientiae

29 2159 176 2219 restituit,
194 2159 353 2209 tenentibus
363 2158 605 2224 armaplerisque,
624 2172 693 2225 quoa
704 2159 846 2208 conamen·

29 2230 77 2281 tia
93 2226 262 2279 defectionis
279 2232 307 2277 et
319 2222 693 2301 propripsexhegatotimor
708 2227 842 2292 agitabat.

25 2301 91 2354 llic
103 2312 168 2347 cum
179 2296 307 2362 egregius
318 2300 425 2357 cetera,
444 2294 616 2361 adroganter
626 2299 654 2345 in
664 2294 783 2355 deditos,
802 2300 841 2351 ot,

25 2374 64 2421 ut
84 2380 158 2415 suae
177 2376 284 2431 quoque
303 2364 421 2435 iniuriae
436 2362 526 2425 ultor,
557 2364 654 2415 durius
674 2361 843 2417 consuleret.

26 2440 140 2492 missus
152 2433 299 2485 Petronius
309 2432 498 2497 Turpilianus,
510 2439 651 2500 tamquam
662 2432 842 2483 exorabilior:

22 2511 61 2562 et
73 2502 190 2555 delictis
201 2499 320 2551 hostium
332 2516 428 2564 novus,
443 2515 532 2569 eoque
542 2502 730 2567 poenitentiae
740 2502 843 2561 mitior,

19 2572 200 2639 compositis
215 2570 367 2637 prioribus,
396 2566 465 2624 nihil
479 2572 560 2621 ultra
574 2584 673 2633 ausus,
699 2570 842 2623 Trebellio
904 2603 909 2617 ι
934 2625 943 2634 x

18 2643 163 2701 Maximo
174 2640 342 2708 provinciam
354 2640 477 2693 tradidit.
514 2638 672 2759 hebelgus
682 2641 801 2707 segnior,
813 2644 842 2691 et
