2034 3025
140 113 174 167 56
260 113 484 199 lelsLIVM
504 111 657 184 [A.V.769.
676 114 814 188 A.'.C716.]
907 145 914 155 ι

73 262 75 267 .
141 214 229 270 mutat
239 214 316 267 Mosa
330 215 455 277 flumine,
476 217 589 283 eiusque
605 217 737 267 immenso
753 231 801 268 ore
816 218 936 268 eundern

140 286 320 337 inoeanum
331 282 488 335 effunditur.
672 342 681 359 l
808 330 811 335 ,
951 355 954 357 .

192 354 253 406 Vll.
272 352 326 405 Sed
337 354 444 413 Caesar,
455 353 520 403 dum
531 353 678 419 adiguntur
688 368 777 413 naves,
788 351 887 404 Silium
899 352 940 405 le·

15 461 25 474 .
45 466 51 472 .
141 427 234 491 gatum
247 436 307 471 cum
318 421 447 486 expedita
461 436 543 471 manu
556 424 739 486 inruptionem
746 424 777 471 -in
789 422 885 472 Cattos
896 422 938 471 fa-

141 506 203 543 cere
223 491 312 541 iubet:
331 490 512 554 ipse'audito,
529 490 674 540 castellum
688 489 812 554 Luppiae
832 490 942 540 llunrini

126 556 298 625 ''adpdsitrim
319 557 449 619 obsideri,
469 572 518 608 sex
533 558 655 624 legiones
670 572 703 608 eo
720 557 805 608 duxit.
841 558 941 624 Neque
1011 609 1013 612 .

138 627 211 681 silio
223 628 258 678 ob
268 626 377 681 subitos,
386 626 488 677 imbres
506 626 582 677 aliud
592 632 698 685 ectum,
717 640 798 691 quam
811 629 843 675 ut
851 626 943 693 ruodi-

143 710 202 747 csm
213 694 352 761 praedam,
367 699 395 746 ct
405 696 479 760 Arpi,
490 696 618 760 principis
630 693 783 753 Gattcium,
795 695 941 759 coniugem

142 764 282 830 filiamque
293 767 418 827 raperet:
437 778 526 829 neque
537 764 647 813 Caesari
658 762 763 826 copiam
774 776 884 827 pugnae
895 762 944 811 ob·

56 883 60 895 .
93 840 96 845 “
144 846 265 883 sessores
276 830 379 893 fecere,
398 831 433 881 ed
444 830 545 880 famam
555 831 689 881 adventus
700 830 758 879 eius
771 829 880 893 dilapsi.
899 836 944 879 tu·

69 914 72 917 ‘
144 901 249 953 mulum
265 904 371 961 tamen,
393 912 480 964 nuper
490 898 619 951 Varianis
630 897 784 965 legionibus
795 902 944 958 structum,

144 973 302 1021 etreterem
314 981 391 1017 aram
402 967 495 1018 Druso
512 967 592 1017 sitam
609 966 781 1016 disiecerunt.
817 966 945 1015 restituit

141 1048 230 1097 aram,
246 1034 398 1101 honorique
408 1036 494 1101 patris
506 1036 634 1100 princeps
643 1036 702 1098 ipse
713 1047 773 1082 curn
784 1032 957 1098 legionibus.

145 1106 315 1165 decucurrit,
334 1104 469 1153 tumulum
485 1104 588 1154 iterare
605 1101 678 1152 haud
688 1102 785 1150 visum.
803 1106 831 1150 et
842 1106 945 1151 cuneta

144 1174 217 1223 inter
228 1171 371 1223 castellum
380 1172 520 1221 Alisonem
535 1186 568 1221 ac
576 1165 700 1221 Rhenum
716 1170 793 1234 noris
808 1168 945 1220 limitibus

91 1301 95 1307 .
144 1241 343 1307 aggeribusque
358 1240 522 1304 permunita.
756 1239 758 1242 ’

116 1367 120 1375 1
198 1306 268 1358 Vlll.
286 1308 396 1373 luneque
408 1302 502 1357 classis
514 1306 677 1367 advenerat,
695 1320 770 1367 cum,
791 1304 945 1370 praemisso

145 1380 314 1436 commeatu,
334 1380 362 1425 et
377 1374 571 1429 distributisin
587 1375 711 1441 legiones
726 1390 758 1424 ac
768 1374 857 1423 socios
869 1375 945 1424 navi·

145 1446 204 1507 bus,
215 1442 326 1505 fossam,
347 1446 390 1494 eui
402 1441 556 1495 Drusianae
567 1459 676 1505 nomen,
691 1447 840 1509 ingressus,
849 1456 947 1507 preca·

146 1517 245 1580 tuaque
256 1512 376 1564 Drusum
389 1517 505 1578 patrem,
525 1520 558 1562 at
571 1529 607 1575 se,
627 1513 718 1565 eadem
735 1526 841 1578 ourani,
859 1509 946 1562 libem

73 1590 80 1594 “
143 1582 319 1649 placatusque
337 1583 455 1648 exemplo
474 1598 507 1632 ac
526 1581 654 1643 memoria
672 1579 842 1634 consiliorum
862 1587 947 1646 atque
1011 1596 1012 1603 ¹

147 1665 254 1716 operum
273 1649 397 1708 lavarem
416 1649 491 1700 lacus
510 1648 574 1700 inde
595 1655 623 1699 et
635 1650 778 1699 ‘Oceanum
800 1662 887 1712 usque
907 1645 947 1697 ad

147 1719 276 1767 Amisiam
299 1715 401 1768 flumen
425 1717 546 1768 secunda
573 1719 746 1784 navigatione
773 1713 945 1781 pervehitur.
1011 1765 1013 1768 ,

149 1784 249 1834 Classis
258 1783 378 1833 Amisiae
392 1783 496 1846 relicta,
516 1785 593 1836 laevo
611 1798 703 1845 arune3
724 1790 903 1849 erratumque
914 1784 946 1833 in

148 1866 190 1913 eo,
199 1851 273 1918 quod
284 1865 339 1902 non
352 1850 490 1914 subvexitq
510 1852 680 1918 transposuit
690 1853 815 1912 militem,
831 1851 945 1902 dextras

147 1922 175 1970 in
185 1925 273 1971 terras
282 1919 399 1971 iturum:
418 1923 458 1971 ita
473 1921 567 1986 plures¹
580 1923 638 1972 dies
653 1920 803 1971 efficiendis
813 1919 946 1984 pontibus

148 1987 293 2053 absumpti.
330 1987 368 2038 ut
379 2003 461 2054 eques
482 1990 590 2056 quidem
606 2005 639 2039 ac
654 1989 776 2054 legiones
798 1988 886 2052 prima
900 2001 946 2038 ae·

81 2082 83 2085 ·
107 2102 111 2109 ,
147 2057 262 2117 amaria,
277 2055 396 2105 nondum
407 2057 582 2108 adcrescente
593 2057 676 2116 unda,
688 2056 817 2120 intrepidi
829 2056 947 2105 transie-

148 2139 191 2174 re:
203 2129 370 2189 postremum
379 2125 544 2176 auxiliorum
552 2141 659 2191 agmen,
670 2125 853 2190 Bataviqucin
865 2128 947 2188 parte

148 2207 190 2252 ea,
209 2192 272 2243 dum
288 2191 422 2244 insultant
433 2196 519 2260 aquis,
538 2204 679 2259 artemque
694 2192 778 2242 standi
793 2196 947 2250 ostentant,

148 2259 260 2320 birbati,
279 2261 427 2326 etquidem
438 2260 528 2311 hausti
539 2265 611 2311 sunt.
647 2261 764 2310 Metanti
776 2265 868 2308 eastra
879 2260 947 2310 Cae·

132 2370 135 2377 .
148 2327 203 2391 sari
213 2328 436 2394 Angrivariorum
453 2327 571 2380 defectio
581 2343 599 2378 a
609 2333 688 2394 tergo
707 2329 862 2378 nuntiatur:
881 2327 950 2378 mis-⁴

52 2397 55 2404 “
148 2409 194 2445 sus
205 2395 280 2447 illico
287 2394 433 2446 Stertinius
445 2411 505 2446 cum
517 2397 608 2462 equite
619 2402 648 2447 et
656 2401 798 2474 armatura
807 2394 871 2458 levi,
880 2395 947 2462 igue

148 2467 176 2515 et
186 2463 313 2515 caedibus
324 2464 466 2528 perfidiam
478 2463 553 2513 ultus
565 2470 615 2515 est.

200 2532 247 2582 lx.
265 2531 381 2602 Flumen
392 2530 514 2598 Visurgis
530 2533 666 2583 Romanos
681 2529 891 2598 Cheruscosque
905 2530 947 2581 in·

56 2623 62 2630 ¹
148 2598 300 2651 terhuebat.
324 2599 383 2650 eius
394 2600 423 2650 in
433 2601 493 2666 ripa
503 2615 565 2651 cum
576 2602 674 2651 ceteris
682 2598 948 2665 primoribussrrnl·

789 2713 821 2756 μ’
