2034 3025
10 269 12 304 l

10 341 12 370 l

8 479 10 504 l

124 124 486 204 *maracleae-os.
505 124 785 207 [avenacea]
845 133 901 186 οι,

83 201 881 226 *Ἢ

11 229 13 240 “
80 237 134 291 tur,
153 229 392 311 corruptissimum
409 247 544 300 quemque
558 233 776 287 adolescentium
789 241 880 302 pretio

79 298 229 418 mhbelrllll.
265 365 320 418 Sed
340 369 480 430 Vitellius,
498 369 620 420 adventu
636 369 746 432 fratris,
764 337 794 422 et
810 372 882 422 inre·

79 436 207 501 pentibus
223 435 420 488 dominationis
434 439 588 503 magistris,
606 440 792 503 superbierat
808 445 881 489 atro·

79 505 145 566 cior,
173 504 259 556 occidi
279 503 454 556 Dolabellam
474 507 568 567 iussit,
594 521 674 573 quem
695 511 724 556 in
743 506 880 557 coloniam

7 569 9 636 j
77 574 242 638 Aquinatem
253 574 403 636 sepositum
420 574 453 623 ab
464 573 589 633 Othone,
609 575 762 625 retulimus.
796 571 880 625 Dola-

7 639 8 642 ’
76 641 165 700 balla,
183 639 279 690 audita
296 646 385 692 morte
401 639 532 702 Othonis,
550 643 647 693 urbem
661 644 816 694 introierat.
851 643 878 692 id

76 711 102 760 ci
115 709 244 758 Plancius
257 708 357 770 Varus,
376 707 513 758 Praetura
523 709 647 771 functus,
666 727 700 762 ex
710 713 816 761 intimis
825 711 879 761 Do-

74 776 195 827 labellae
207 776 310 844 amicis,
329 777 400 842 apud
411 777 535 828 Flavium
546 777 687 841 Sabinum,
706 780 878 830 Praefectum

74 845 166 906 urbis,
185 846 299 907 obiecit,
318 853 455 910 tamquam
473 853 558 913 rupto
578 847 713 910 custodio,
730 846 834 900 Ducem
852 851 879 898 'se
919 855 923 863 ’

74 912 156 965 oiett's
162 911 290 979 portibus
301 922 470 966 ostentasset.
507 913 624 978 addidit,
641 924 776 968 tentatam
790 915 869 968 robor

3 979 6 984 ’
75 990 138 1044 tem,
156 997 224 1046 quoe
240 979 336 1033 Ostiae
351 991 461 1050 ageret:
478 987 535 1033 nec'
546 983 611 1033 ullis
629 990 770 1035 tantorum
790 986 877 1036 crimi-

74 1065 141 1101 num
158 1050 375 1116 probationibus.
395 1054 440 1101 ·in
455 1052 763 1115 poetritentiam-versus
778 1067 878 1113 seram,

74 1120 184 1169 veniam
205 1125 268 1184 post
286 1118 377 1170 scelus
397 1119 557 1186 quaerebat.
595 1121 776 1171 Cunctantem
796 1135 879 1186 super

74 1192 155 1238 tanta
164 1201 196 1238 re
206 1186 332 1238 Flavium
343 1185 483 1250 Sabinum,
502 1189 621 1249 Triaria,
638 1188 670 1239 1.
681 1188 788 1240 Vitellii
799 1204 878 1241 cruor.

75 1256 152 1308 ultra
167 1255 298 1307 seminam
314 1255 407 1318 ferox,
425 1258 541 1319 tcrruit,
559 1272 594 1308 ne
605 1255 726 1323 periculo
741 1255 878 1322 Principis

69 1325 179 1406 samam
187 1325 343 1405 clarentiae
354 1323 518 1444 odp‘ectaret.
553 1324 687 1391 Sabinus,
697 1330 795 1390 suopte
804 1327 877 1390 inge·

69 1395 122 1442 nio
134 1398 218 1454 mitis,
238 1395 285 1442 ubr
297 1392 378 1443 form!

400 1394 597 1455 oincessisset,
615 1392 704 1442 facilis
715 1397 832 1452 mutatu,
849 1398 879 1442 et

75 1463 105 1512 in
116 1460 207 1510 alieno
218 1460 375 1513 discrimine
386 1461 438 1519 sibi
447 1475 558 1527 parens,
576 1477 611 1514 ne
622 1458 763 1510 adlevasse
773 1459 877 1512 ridere-

75 1536 130 1592 tur,
149 1529 251 1595 inpulit
270 1535 405 1581 ruentem.

128 1597 225 1652 LXlV.
261 1598 349 1664 lgitur
360 1596 725 1661 Vitellios,'metuetodi0,
743 1596 817 1661 quod
828 1594 878 1647 Pe'·
929 1595 934 1607 ⁸

74 1668 206 1729 troniam,
223 1680 339 1718 uxorem
358 1668 428 1729 eius,
447 1680 512 1717 mox
527 1666 675 1718 Dolabella
689 1667 718 1713 in
738 1665 878 1714 matrimo-

74 1739 152 1788 nium
168 1738 328 1802 accepisset,
347 1743 474 1807 vocatum
488 1750 539 1801 per
553 1734 695 1802 epistolas,
714 1731 865 1783 citatoFlo

74 1803 242 1857 minioeoioe
259 1803 427 1866 celebritate,
444 1804 579 1855 decertare
593 1800 787 1855 Interamnium
796 1809 877 1865 atque

73 1873 113 1925 s'bt'
132 1872 251 1942 interfici
270 1874 358 1924 iussit.
395 1872 522 1939 Longum
533 1872 707 1924 interfectori
726 1872 827 1919 risum:
847 1869 875 1919 in

72 1942 174 1993 itinere
185 1957 216 1994 ac
227 1942 343 1994 taberna
357 1943 510 2007 proiectum
522 1937 597 1989 humi
612 1938 758 2007 iugularit:
776 1952 878 2004 magna

75 2025 136 2061 cum
147 2010 250 2060 invidia
259 2012 320 2061 novi
333 2009 520 2074 Principatus,
536 2009 612 2058 cuius
627 2008 679 2059 hoc
690 2008 808 2072 primum
819 2022 877 2073 spc-

75 2080 165 2129 cimen
176 2080 350 2127 noscebatur.
385 2078 422 2127 Et
432 2077 559 2127 'l'riariae
568 2075 708 2128 licentiam
721 2074 876 2127 modestum

76 2160 91 2197 e
103 2146 229 2209 proximo
241 2145 396 2210 exemplum
413 2145 555 2206 onerabat,
574 2144 688 2195 Galeria
698 2144 876 2209 lmperatoris

75 2226 156 2271 ustor,
175 2226 231 2261 non
241 2214 358 2263 inmixta
372 2214 512 2262 tristibus:
530 2218 559 2262 ct
573 2213 631 2278 pari
641 2211 778 2278 probitate
788 2217 878 2262 mater

75 2280 266 2341 Vitelliorum,
285 2280 415 2341 Sextilia,
427 2282 539 2345 antiqui
555 2283 648 2331 moris.
683 2281 795 2330 Dixisse
811 2280 875 2345 quin

76 2351 169 2411 etiam,
188 2348 223 2399 ad
242 2348 342 2413 primas
362 2349 411 2399 filii
432 2349 472 2399 sui
493 2346 804 2413 epistolas,·ferebatur,
821 2362 876 2398 non

79 2417 269 2471 &amanteum
284 2433 301 2467 a
311 2434 346 2479 se,
365 2418 411 2468 sed
425 2416 562 2468 Vitelliano
574 2416 706 2486 genitum.
741 2414 799 2466 Nec
810 2414 875 2464 ullis

15 2500 21 2505 ¹
74 2490 174 2555 postea
189 2486 318 2537 samanae
332 2485 492 2547 inlecebris,
515 2491 563 2536 aut
577 2485 682 2536 ambitu
697 2483 828 2544 civitatis,
844 2483 874 2533 in

74 2554 206 2623 gaudium
218 2556 317 2617 evicta,
336 2555 433 2614 domus
443 2568 510 2604 strae
520 2560 628 2605 tantum
638 2551 755 2602 adversa
763 2552 858 2602 sensit.

128 2623 213 2677 LXV.
249 2624 411 2691 Digressum
427 2638 444 2674 a
458 2623 595 2689 Lugduno
608 2618 753 2674 Vitellium
763 2620 801 2671 M.
814 2619 875 2688 Clu-
