2034 3025
176 121 230 174 274
264 119 375 174 lVLll
393 117 529 170 some
544 117 647 170 vius
664 114 750 187 CAR.
770 113 886 168 13-15.

177 233 343 292 quamquam
355 217 488 284 prospera
498 232 591 282 pugna
601 216 733 266 terruerit
741 216 854 277 incolas,
871 231 903 267 ae
910 216 974 268 lito·

177 307 208 344 re
217 292 323 358 potitus
332 289 382 349 sit,
404 289 495 352 potest
505 286 592 335 rideri
602 283 759 336 ostendisse
768 286 901 350 posteris,
918 301 975 336 non

178 360 333 412 tradidisse.
349 361 355 366 ‘
369 356 436 406 Mox
455 354 530 404 bella
543 353 652 414 eirilia,
678 357 710 402 et
727 355 757 402 in
771 353 976 418 liempublieam

178 441 260 481 versa
274 426 428 494 principum
444 437 522 473 arma
527 457 535 484 ‚
562 437 595 473 ae
610 421 695 488 longa
705 421 809 472 oblivio
817 421 977 472 Britanniae

179 499 264 550 etiam
275 498 303 546 in
314 506 389 560 paee.
408 492 560 543 Consilium
569 490 598 540 id
608 491 644 542 Ι).
651 491 789 556 Augustus
798 490 926 551 roeabat,
935 493 979 540 Ti·

178 567 272 618 berius
285 555 474 630 praeceptum?
497 562 623 626 Agitasse
634 560 663 609 C.
674 560 820 610 Gaesarem
831 558 868 609 de
878 559 981 609 intran-

180 635 217 686 da
226 632 386 694 Britannia,
405 631 473 681 satis
484 633 606 688 constat,
625 630 654 678 ni
665 628 746 678 velox
756 629 876 693 ingenio,
897 630 982 679 mobi-

179 703 216 754 lis
227 697 411 768 poenitentia,
436 704 464 749 et
474 700 600 766 ingentes
610 696 741 746 adversus
751 696 933 747 Germaniam
944 713 983 748 eo-

180 776 263 824 uatus
274 770 378 820 frustra
387 763 514 818 fuissent.
535 766 623 816 Divus
632 764 763 816 Claudius
773 771 873 814 auctor
885 769 982 830 operis,

180 839 343 890 transrootis
363 836 518 902 legionibus
537 834 715 901 auxiliisque,
743 839 773 884 et
792 833 946 900 adsumpto
958 837 982 884 in

181 915 288 974 partem
308 919 401 955 rerum
418 903 601 970 Vespasiano:
629 902 702 968 quod
720 903 831 951 initium
852 911 983 954 venturae

181 989 246 1026 mos
258 973 387 1038 [ortunae
399 971 459 1023 fuit.
496 973 618 1023 domitae
627 977 733 1038 gentes,
753 972 828 1037 eapti
839 971 944 1039 Reges,
961 980 985 1023 et

180 1048 352 1096 monstratus
363 1041 428 1092 fatis
439 1040 635 1107 Vespasianus.

235 1112 309 1164 XlV.
329 1110 522 1162 Consularium
538 1111 644 1176 primus
658 1109 745 1160 Aulus
757 1107 893 1160 Plautius
913 1125 986 1176 prae-

183 1183 302 1248 positus,
322 1194 354 1230 ae
364 1178 478 1230 subinde
490 1179 619 1229 Ostorius
629 1177 761 1243 Scapula,
780 1183 906 1245 uterque
916 1180 986 1231 bello

183 1250 324 1317 egregius:
335 1248 501 1314 redactaque
512 1247 656 1312 paullatim
667 1248 696 1296 in
701 1246 820 1296 formam
828 1251 988 1312 provinciae

183 1319 309 1386 proxima
324 1330 388 1382 pars
397 1317 570 1367 Britanniae.
605 1315 700 1366 addita
714 1316 829 1381 insuper
844 1321 989 1369 veterano

182 1402 244 1438 rum
254 1386 371 1438 colonia.
408 1385 544 1453 quaedam
561 1385 686 1450 civitates
697 1385 843 1451 Cogiduno
859 1385 938 1453 Regi
952 1385 991 1435 do

183 1462 279 1508 natast
308 1458 343 1519 (is
362 1454 398 1506 ad
414 1460 537 1504 nostram
553 1467 641 1523 usque
661 1456 822 1504 memoriam
840 1454 993 1505 fidissimus

186 1528 288 1577 mansit
294 1527 313 1586 z)
322 1530 415 1577 vetere
427 1539 459 1575 ae
469 1526 524 1574 iam
535 1524 642 1590 pridem
653 1528 766 1588 reeepta
776 1522 883 1587 Populi
895 1526 993 1576 Roma-

183 1596 213 1647 ni
223 1594 430 1655 consuetudine,
439 1594 476 1643 ,ut
486 1590 603 1643 baberet
613 1594 798 1643 instrumenta
807 1593 962 1645 servitutis
972 1598 996 1644 et

84 1692 92 1703 ι
183 1664 283 1731 Reges.
317 1664 384 1713 Mox
395 1661 603 1713 Didius‘Gallus
619 1666 701 1725 parta
716 1675 733 1710 a
747 1662 997 1726 prioribuseonti-

184 1736 254 1796 nuit,
264 1733 358 1798 paucis
368 1730 517 1781 admodum
528 1728 650 1780 camellis
661 1730 690 1779 in
700 1728 836 1779 ulteriora
846 1733 998 1795 promotis,

184 1816 237 1867 per
246 1816 317 1867 quae
328 1799 401 1851 fama
410 1800 484 1850 aucti
496 1798 577 1849 officii
589 1803 778 1865 quaereretur.
812 1796 941 1851 Didium
952 1802 999 1853 Ve-

184 1872 281 1922 ranius
300 1870 423 1934 excepit,
454 1868 531 1934 isque
549 1868 622 1916 intra
643 1882 746 1917 annum
764 1868 934 1921 exstinctus
955 1879 999 1922 est

186 1937 335 1989 Suetonius
352 1935 416 1987 hinc
431 1936 574 1987 Paullinus
594 1937 706 1987 biennio
721 1948 871 2001 prosperas
887 1953 946 1990 res
961 1940 1001 1990 ba·

185 2006 256 2068 buit,
266 2008 386 2057 subactis
398 2007 564 2067 nationibus,
574 2004 745 2070 firmatisque
754 2004 928 2069 praesidiis:
939 2024 1000 2076 quo·

100 2064 112 2088 ““
186 2090 248 2127 rum
261 2056 360 2125 iidueia
371 2074 484 2127 Monam
494 2073 628 2135 insulam,
652 2077 685 2123 ut
694 2074 766 2123 vires
776 2072 949 2128 rebellibus
960 2079 1000 2128 mi·

187 2143 358 2203 nistrantem,
379 2141 536 2208 adgressus,
554 2148 635 2209 terga
645 2142 782 2193 occasioni
793 2142 961 2209 patefecit,

239 2212 300 2265 XV.
320 2210 442 2278 Namque
454 2210 580 2263 absentia
589 2210 689 2278 Legati
699 2215 807 2261 remoto
818 2218 921 2275 metu,
948 2214 1000 2265 Bri

95 2291 97 2303 '
188 2284 264 2333 tanui
275 2282 381 2348 agitare
392 2282 465 2331 iuter
474 2296 504 2330 se
515 2280 591 2331 mala
599 2280 753 2340 servitutis,
778 2278 921 2334 conferre
934 2285 1002 2334 iniu·

173 2345 175 2353 ‘
191 2352 248 2399 rias
259 2355 287 2399 et
297 2348 505 2413 interpretando
515 2349 676 2400 ascenderes
703 2345 774 2399 nitu
780 2347 883 2416 profici
889 2354 1005 2416 patien-

144 2446 151 2463 .
192 2416 242 2476 tia,
261 2414 316 2466 nisi
326 2424 356 2465 ut
362 2416 510 2483 graviora,
522 2424 660 2481 tamquam
669 2415 793 2486 essaeili
803 2418 1006 2475 tolerantibus

148 2519 151 2524 .
189 2480 365 2545 imperentur.
389 2481 644 2546 singulossibiolim
654 2482 743 2551 Reges
746 2484 854 2553 finisse,
876 2491 1006 2543 numedi-

188 2562 236 2595 nos
245 2547 350 2612 inponi:
370 2548 487 2611 equibus
497 2548 620 2616 Legatos
629 2552 658 2602 in
667 2552 835 2620 sanguinem,
854 2554 1006 2620 Proeuro·

189 2617 233 2659 tor
242 2610 271 2663 in
282 2614 350 2669 dona
359 2614 484 2666 saeviret.
501 2632 583 2682 aeque
592 2618 752 2671 discordium
757 2620 1006 2692 praepositosque,
