2034 3025
131 4 277 57 .¹²⁴,

82 97 256 195 ornxru.
275 140 492 196 caras-oa.
512 130 863 217 [nonannoeane
892 178 895 183 .

64 245 230 295 cordatione
249 243 424 301 adlevabant.
469 243 545 297 Huic
562 251 682 313 primum
701 258 861 321 nuptiarum
900 268 902 272 “

65 312 136 363 dies·
147 312 209 363 loco
229 309 338 361 funeris
354 311 415 373 fuit,
435 312 569 366 deductae
580 318 609 365 in
621 318 744 383 domum,
762 324 791 372 in
807 340 862 390 qua
909 357 912 361 -

65 378 138 430 nihil
148 380 203 432 nisi
221 380 379 429 luctuosum
399 378 525 445 baberet,
546 392 643 453 erepto
657 402 859 455 perrenorum

64 453 147 515 patre
158 452 187 497 et
197 448 294 497 statim
305 445 405 499 fratre:
423 453 481 499 tum
493 452 595 503 ancilla
605 453 859 509 doniinavalidior:
918 454 924 467 '

65 521 96 565 et
115 514 247 581 Poppaea
265 528 321 563 non
341 517 396 565 nisi
415 516 445 565 in
468 520 621 582 perniciem
641 527 737 576 uxoris
758 522 858 593 nupta:

64 588 209 649 postremo
220 582 325 632 crimen
337 585 412 633 omni
424 586 512 637 exitio
523 591 644 653 gravius.

117 650 213 701 LXIV.
232 650 270 699 Aa
288 650 394 715 puella,
411 654 544 718 vicesimo
564 660 667 709 aetatis
678 676 766 724 anno,
785 664 861 715 inter

65 718 253 769 Centuriones
265 723 294 767 et
303 717 417 782 milites,
431 726 578 790 praesagio
590 727 726 779 malorum
736 731 791 780 iam
803 734 861 783 vita
923 736 928 745 ⁴

64 792 206 851 exempta,
217 784 338 836 nondum
348 794 442 839 tamen
453 796 544 841 morte
555 796 755 860 acquiescebat.
792 799 861 851 Pau·

63 855 104 905 eis
116 854 217 905 dehinc
227 855 384 920 interieritis
394 857 492 908 diebus
502 863 573 910 mori
589 864 711 915 iubetur:
732 882 793 917 cum
804 869 860 919 iam

62 922 172 976 aidum
181 937 209 971 re
219 929 246 973 et
256 930 361 973 tontum
371 940 489 976 sororem
499 932 669 993 testaretur,
689 948 860 987 communes·

63 1006 119 1058 que
132 989 314 1052 Germanicos,
325 996 354 1041 et
363 998 506 1057 postremo
517 994 684 1064 Agrippinae
694 1018 795 1053 nomeu
806 1006 859 1056 oio·

61 1065 117 1121 ret,
136 1072 189 1123 qua
202 1056 337 1119 incolomi,
355 1060 454 1131 infelix
468 1062 573 1129 quidem
586 1066 796 1133 matrimonium,
814 1074 863 1125 red

60 1127 119 1179 tiae
128 1125 220 1187 exitio,
227 1126 390 1191 pertulisset.
418 1128 865 1199 Restringiturvinculis,'venae-'

46 1210 116 1265 ¹que
126 1195 187 1245 eius
197 1210 248 1259 per
258 1203 354 1246 omnes
364 1201 443 1247 artus
452 1199 647 1252 exsolvuntur:
660 1209 696 1265 ct,
707 1208 772 1269 quia
781 1218 859 1273 pres·
876 1232 884 1247 ¹·

60 1278 109 1318 uus
129 1276 232 1332 pavore
252 1266 369 1330 sanguis
382 1266 490 1317 tardius
510 1267 666 1333 labebatur,
687 1274 858 1341 praefervidi

59 1331 155 1383 balnei
173 1345 276 1395 vapore
295 1336 444 1383 enecatur?
471 1334 642 1403 additmque
658 1342 782 1394 atrocior
797 1358 857 1395 sae·

59 1400 140 1461 vitia,
161 1398 235 1464 quod
249 1406 331 1465 caput
346 1406 534 1470 amputatum,
554 1404 697 1471 latumque
709 1409 737 1457 in
747 1411 856 1475 urbem,

59 1466 192 1534 Poppaea
199 1464 278 1518 vidit.
296 1467 372 1519 dona
382 1470 417 1520 ob
429 1467 497 1521 haec
505 1472 618 1538 templis
629 1473 752 1527 decreta.
766 1479 857 1542 Quod
940 1507 945 1512 -

58 1535 93 1587 ad
104 1551 168 1587 eunr
182 1537 266 1586 linem
283 1539 508 1599 memoravimus,
527 1546 568 1601 ut,
588 1543 753 1610 quicumque
774 1562 856 1600 casus

57 1603 358 1670 temporum'illorum,
379 1606 460 1659 nobis
475 1605 520 1655 rel
535 1607 598 1658 aliis
619 1613 789 1679 auctoribus,
807 1630 856 1666 no·

58 1681 147 1733 noent,
157 1677 366 1738 praesumptum
378 1672 512 1735 habeant,
522 1678 652 1740 quotiens
663 1675 745 1746 fugas
756 1689 786 1733 ot
796 1697 856 1735 oao-
897 1691 900 1697 '

47 1741 109 1792 des
120 1741 206 1795 iussit·
214 1741 355 1806 Princeps,
367 1743 477 1803 ¹totiens
488 1749 583 1808 grates
595 1745 664 1796 Deis
676 1745 762 1812 actas,
773 1766 855 1819 quae·
922 1767 924 1770 ·

58 1809 113 1876 que
124 1823 218 1858 rerum
228 1808 411 1860 secundarum
422 1810 499 1872 olim,
510 1817 569 1862 tum
580 1813 705 1879 publicae
716 1818 803 1870 cladis
814 1821 856 1869 in-

57 1878 153 1943 signia
164 1874 259 1927 fuisse.
295 1875 394 1943 Neque
405 1884 500 1928 tamen
512 1880 665 1948 silebimus,
677 1887 710 1952 si
723 1887 797 1952 quod
808 1885 855 1938 Sa·
885 1887 901 1956 ’-

57 1950 142 1996 uatus
158 1945 315 1995 consultum
335 1946 498 1998 adulatione
516 1963 627 2011 novum,
645 1958 696 2003 aut
715 1956 856 2020 patientia

56 2020 241 2079 postremum,
258 2013 322 2062 fuit.
410 2058 414 2065 ,
476 2065 478 2068 ⁴
528 2076 531 2079 ¹
579 2057 587 2089 4,
726 2035 732 2039 ·
832 2043 837 2049 ¹

108 2081 194 2132 LXV.
213 2081 319 2131 Eodem
331 2091 404 2133 anuo
419 2082 586 2135 libertorum
601 2087 855 2152 potissimosrene·

55 2164 95 2200 uo
114 2147 293 2200 interfecisse
313 2149 436 2214 creditus
457 2158 515 2214 est3
539 2153 752 2222 Doryphorum,
775 2162 855 2226 quasi

55 2216 234 2280 adversatum
250 2219 356 2283 nuptiis
371 2218 533 2284 Poppaeae3
552 2221 714 2286 Pallantem,
726 2228 800 2293 quod
814 2231 867 2278 in-·
948 2234 952 2240 '

54 2299 181 2353 mensam
196 2288 341 2352 pecuniam
357 2287 443 2352 longa
457 2293 571 2338 senecta
582 2289 731 2344 detineret.
758 2295 857 2348 Roma·

56 2369 110 2404 nus
120 2355 816 2427 secretiscriminationibusincusaveratSeneoam,
825 2369 862 2416 ut-

56 2424 86 2472 G.
97 2422 210 2474 Pisonis
220 2423 340 2486 socium3
358 2423 408 2474 sed
422 2422 542 2474 validius
553 2439 570 2473 a
580 2425 687 2478 Seneca
697 2431 795 2482 eodem
805 2433 858 2482 ori·
882 2477 884 2481 .

54 2491 132 2543 mine
142 2491 290 2562 perculsusx
299 2498 351 2542 est.
388 2491 470 2556 ynde
482 2490 578 2542 Pisoni
590 2495 684 2557 timor,
699 2505 732 2550 -et
744 2505 807 2550 orta
816 2502 857 2550 in.

54 2558 191 2611 siliarum
205 2561 236 2608 in
246 2558 389 2611 Neronem
398 2574 500 2627 magna
510 2560 608 2623 moles,
620 2563 669 2614 sod
680 2565 856 2634 inprospera·

354 2667 560 2684 m
