2034 3025
183 119 246 182 m
284 120 394 179 rvnu
412 106 552 175 sanic,
572 120 677 177 vira
697 119 843 183 oae.„ro.
856 120 899 176 u.

73 233 76 239 ’
143 272 155 293 ,Α
179 230 235 290 ,sed
248 232 412 280 inmensum
434 231 463 277 et
481 238 599 277 enomne
619 227 742 293 spatium
761 232 992 293 procurrentium

118 318 131 327 1·
185 294 994 357 extremoiamlitoreterrarum,velutincuncumtenua·

182 375 240 421 tur.
275 368 359 418 Hane
374 380 452 417 oram
463 364 609 414 novissimi
625 365 712 415 maris
725 370 794 415 tunc
806 366 931 429 primum
941 370 995 422 Ro-

182 453 268 488 mana
278 436 376 487 classis
387 434 585 495 circumvecta,
605 433 725 484 insulam
737 432 801 485 csse
811 434 994 490 Britanniam

183 506 352 566 adfirmavit,
363 518 395 554 ac
405 502 488 555 simul
497 502 657 568 incognitas
668 502 702 553 ad
713 502 742 553 id
752 508 864 570 tempus
876 506 995 571 insulas,

99 615 106 627 .
183 591 253 644 quas
263 574 387 626 Orcadas
397 576 512 633 vocant,
538 570 647 622 invenit
656 570 827 639 domuitque.
865 574 997 641 dispecta

186 651 233 697 est·
241 650 272 697 et
281 641 373 695 Thule
385 641 601 710 quadamtenus:
622 640 672 691 nix
682 646 712 691 et
721 638 811 691 hiems
823 642 995 709 adpetebat3

184 715 235 766 sed
246 713 443 779 mare'pigrum
454 714 484 761 et
493 722 579 777 grave
590 709 804 776 remigantibus.
820 710 994 777 perhibent,

184 799 221 835 ne
230 782 324 833 ventis
335 780 448 848 quidem
458 777 577 846 perinde
588 778 700 830 adtolli:
712 778 806 841 credo,
817 781 897 847 quod
907 786 993 833 rario-

147 866 153 880 ’
182 854 231 903 re's
242 853 527 915 terraemontesque,
555 862 655 899 caussa
666 862 698 899 ac
708 849 829 899 materia
839 855 991 917 tempesta·

183 926 260 981 turn,
288 924 318 970 et
331 915 473 984 profunda
488 916 577 967 moles
592 917 718 968 continui
732 917 819 968 maris
831 921 944 973 tardius
955 923 992 970 in·

182 988 308 1056 pellitur.
335 985 473 1039 Naturam
484 986 590 1038 Oceani
601 994 687 1052 atque
697 991 794 1037 aestus
804 1002 901 1055 neque
913 1006 994 1058 quae·

150 1094 154 1097 <
182 1055 516 1123 rerebuiusoperise'st,
542 1070 575 1105 ac
584 1056 665 1107 muiti
676 1054 809 1106 retulere.
846 1058 995 1110 unumad-

104 1118 109 1124 ’
184 1127 316 1178 diderim:
328 1135 331 1139 ’
345 1140 482 1193 nusquam
498 1124 584 1175 iatius
599 1122 738 1175 dominari
748 1139 842 1189 mare,
873 1129 996 1180 multum

70 1194 73 1201 '
97 1241 102 1254 ,
182 1195 329 1248 fluminum
340 1191 670 1261 bucatqueillucferre,
691 1208 743 1245 nec
751 1193 838 1245 litore
847 1201 939 1269 tenne
951 1198 995 1248 ad-

77 1281 93 1296 =·
184 1278 313 1317 crescere
327 1268 377 1315 aut
389 1262 545 1324 resorberi,
573 1262 623 1313 sed
639 1261 759 1313 influere
776 1265 898 1329 penitus
910 1272 995 1333 atque

104 1372 109 1380 ,
186 1335 307 1395 ambire,
337 1321 451 1401 etiugis
462 1331 551 1384 etiam
559 1335 645 1399 atque
655 1332 797 1385 montibus
815 1334 910 1386 inseri
919 1337 997 1388 velut

183 1408 284 1457 insuo.
599 1450 608 1464 ,

165 1493 180 1507 =
238 1474 286 1526 xi.
305 1472 445 1535 Ceterum,
463 1471 641 1524 Britanniam
652 1472 700 1538 qui
710 1470 846 1523 mortales
857 1471 947 1526 initio
958 1488 1001 1528 co·

167 1563 170 1585 ¹
184 1545 300 1606 luerint,
312 1543 464 1612 indigenae
474 1558 509 1593 an
522 1541 642 1604 advecti,
658 1546 691 1592 ut
701 1543 777 1592 inter
787 1541 943 1606 barbaros,
955 1559 1004 1611 pa-

184 1630 247 1668 rum
264 1619 448 1680 compertum.
482 1611 607 1662 Habitus
628 1625 776 1676 corporum
794 1611 882 1672 varii:
911 1619 1004 1682 atque

142 1685 150 1749 j
186 1696 226 1736 ex
232 1700 267 1736 eo
278 1686 454 1750 argumenta.
480 1695 601 1746 namque
613 1680 715 1744 rutilae
727 1678 913 1732 Caledoniam
924 1681 1006 1735 babi-

71 1760 87 1774 ·’
143 1754 151 1774 ³
169 1752 308 1805 ‘tantiam
318 1766 425 1814 comae,
439 1751 534 1817 magni
546 1753 634 1812 artus,
645 1749 839 1819 Germanicam
852 1752 1006 1818 originem

184 1823 364 1876 adseverant.
383 1819 506 1872 Silurum
517 1818 636 1870 colorati
647 1819 740 1870 vuitus
752 1823 783 1870 et
791 1819 864 1869 torti
877 1821 1008 1886 plerum·

185 1907 239 1960 qne
249 1893 354 1953 crines,
377 1895 407 1940 et
417 1891 511 1956 posita
521 1886 620 1940 contra
630 1887 781 1954 Hispania,
806 1888 911 1940 iberos
926 1898 1009 1942 rete·

184 1965 232 2012 res
243 1960 390 2010 traiecisse
401 1973 505 2026 easque
517 1957 599 2008 sedes
611 1971 772 2023 occupasse,
783 1956 869 2007 tidem
881 1956 1009 2010 faciunt

185 2029 307 2097 proximi
317 2027 407 2078 Gallis
418 2033 448 2078 et
458 2027 565 2078 similes
576 2031 655 2077 aunis
678 2040 734 2077 seu
740 2024 865 2078 durante
877 2029 1009 2094 originis

185 2098 226 2160 vi,
255 2098 322 2158 se'u,
351 2096 582 2160 procurrentibus
593 2096 621 2144 in
636 2095 747 2146 diversa
756 2096 861 2158 terris,
891 2099 1008 2164 positio

137 2190 141 2195 ·
186 2166 258 2220 coeli
268 2165 434 2231 corporibus
444 2163 571 2214 habiturn
581 2163 669 2216 dedit.
687 2163 717 2214 in
727 2165 892 2222 universum
903 2172 1007 2216 umen

186 2234 360 2296 aestimanti,
381 2231 478 2285 Gallos
487 2234 608 2284 vicinum
619 2233 710 2284 solum
721 2246 891 2300 occupasse,
913 2234 1008 2286 credi·

185 2307 244 2359 bile
255 2309 308 2357 est.
332 2305 437 2356 Eorum
449 2317 529 2354 sacra
539 2299 742 2368 deprehendas,
761 2303 1007 2369 superstitionum

184 2376 382 2444 persuasione:
398 2387 492 2423 sermo
503 2371 578 2422 baud
589 2371 706 2423 multum
717 2371 857 2434 diversus,
873 2373 904 2422 in
918 2372 1011 2440 depo·

185 2442 296 2494 scendis
307 2441 438 2509 periculis
450 2441 547 2491 eadem
559 2439 688 2503 audacia,
716 2445 758 2502 et,
783 2440 831 2492 ubi
844 2441 1014 2504 advenere,

183 2513 214 2561 in
225 2509 416 2563 detrectandis
427 2509 526 2560 eadem
537 2507 667 2561 formido.
687 2510 751 2576 plus
761 2515 859 2562 tamen
871 2509 1016 2565 ferocias

183 2579 314 2644 Britanni
335 2577 513 2646 praeferunt,
543 2582 576 2628 ut
596 2592 668 2644 quos
688 2578 812 2630 nondum
833 2579 934 2650 longa
955 2596 998 2652 pa

184 2647 346 2700 emollierit.
382 2658 447 2698 nam
466 2644 563 2714 Gnidon
584 2649 696 2716 quoque
709 2649 739 2699 in
757 2633 848 2736 baffia
865 2649 978 2706 florui
992 2692 996 2697 .
1010 2686 1017 2695 .-

821 2719 832 2756 Ι

772 2769 776 2780 x
833 2757 836 2769 Ι

760 2727 863 2824 ,ns
