2034 3025
143 91 199 152 ³02
266 95 497 161 insanium
510 95 831 172 -[A;v...a12.ac.59.]

58 255 63 262 .
145 203 256 258 Tantus
265 207 331 260 inde
341 207 426 260 ardor
436 210 574 260 certantis
586 209 730 260 exereitus
740 205 809 270 fuit,
827 212 861 259 'ut
875 210 958 264 intra

143 277 261 328 tertiam
277 277 334 329 diei
349 283 458 345 partem
475 279 576 330 nudati
594 277 854 345 propugnatoribus
869 281 957 344 muri,

144 345 240 408 obices
252 353 398 413 portarum
408 348 553 412 subversi,
566 352 655 414 «capta
669 359 787 399 escensu
798 348 957 400 munimen-

42 455 43 458 *
143 416 188 479 ta‚”
206 431 359 484 omnesque
378 418 500 484 puberes
520 417 656 469 trucidati
674 417 742 478 sint,
761 411 953 470 nullo’milite

141 485 260 548 amisso,
271 489 368 552 paucis
379 486 529 538 admodum
538 487 704 539 vulneratio.
723 490 753 536 et
767 484 882 538 imbelle
891 488 955 538 vul·

99 613 104 623 x
143 567 198 622 gua
214 555 265 606 sub
279 570 385 608 corona
398 557 603 608 venundatum:
623 557 733 622 reliqna
746 555 954 621 praedavieto·

143 623 223 674 ribus
244 625 339 676 eessit.
354 643 357 647 ·
375 625 440 678 Pari
459 624 577 678 fortuna
590 625 716 693 Legatos
735 639 769 674 ao
783 623 953 678 Praefectus

142 693 188 744 usi
200 696 275 755 sunt,
287 695 434 762 tribusque
444 711 502 746 nna
511 696 558 747 die
568 695 888 761 castellis-expugnatis,
907 709 953 746 oe·

142 765 208 814 tera
217 765 340 826 terrore,
350 769 380 814 et
389 765 446 816 elia
457 770 558 830 sponte
568 761 723 816 incolarum
733 765 764 813 in
775 764 953 816 deditionem
1002 786 1004 791 ·

64 879 71 888 ,
142 830 306 894 veniebant,
316 833 391 885 unde
403 838 468 886 orto
476 833 580 886 fi'duoia
589 839 673 900 eaput
684 835 788 901 gentis,
802 834 953 900 Artaxata,

142 899 339 966 adgrediendi.
379 902 438 956 Neo
457 909 554 956 tamen
572 905 701 971 proximo
722 903 826 953 itinera
846 903 951 975 ductae

141 967 282 1036 legiones,
302 987 388 1039 quae,
409 975 434 1026 si
450 986 562 1026 amnem
572 974 695 1036 Araxen,
710 972 763 1039 qui
777 972 892 1023 moenia
902 972 951 1024 ad-

112 1077 119 1080 -
140 1036 205 1100 luit,
225 1045 312 1107 ponte
327 1042 608 1111 transgrederentur,
625 1045 678 1096 sub
692 1045 779 1095 ictum
794 1041 950 1093 dabantur:

141 1110 249 1175 procul,
260 1116 290 1162 et
300 1111 449 1164 latioribus
459 1112 539 1164 vadis
548 1115 701 1165 transiere.
869 1149 872 1156 f
914 1140 918 1147 ‚

194 1177 255 1232 XL.
273 1181 309 1232 At
319 1181 473 1245 Tiridates,
483 1181 592 1249 pudore
602 1189 634 1233 at
644 1187 730 1243 metu,
744 1181 824 1244 ne,si
834 1193 948 1230 eonces-

140 1247 229 1300 sisset
240 1249 391 1314 obsidioni,
407 1249 479 1303 nihil
490 1252 550 1318 opis
561 1253 663 1318 inipso
672 1250 829 1313 videretur3
847 1249 871 1299 ei
881 1261 947 1314 pro-

16 1308 18 1310 ’
52 1384 57 1397 Ι
94 1315 96 1320 ’
137 1315 408 1388 luberet„inpeditis
419 1321 489 1374 loeis
500 1335 588 1388 seque
600 1326 630 1372 et
642 1324 790 1387 equestres
801 1319 895 1386 copias
905 1318 949 1368 in-

139 1387 261 1456 ligaret:
279 1392 381 1443 statuit
391 1396 546 1458 postremo,
560 1389 713 1442 ostendere
724 1390 824 1452 aciem,
839 1393 870 1440 et
879 1388 948 1440 dato

141 1456 188 1509 die
199 1459 483 1530 proeliuminoipere,
491 1460 539 1513 vel
548 1460 728 1513 simulatione
739 1458 838 1526 fugae,
852 1459 949 1510 locum
1001 1518 1005 1522 g

139 1526 234 1581 fraudi
244 1544 354 1597 parare.
388 1532 609 1600 lgitnrrepente
618 1544 723 1598 agmen
731 1530 887 1580 Romanum
898 1529 958 1579 eir·-

140 1598 309 1664 eumfundit‚
320 1616 377 1653 non
387 1601 487 1669 ignaro
498 1600 578 1653 Duee
588 1606 698 1673 nostro,
709 1598 829 1663 quiriae
840 1599 951 1661 pariter

140 1672 172 1721 et
181 1681 293 1737 pugnae
309 1674 508 1735 composuerat
523 1671 689 1719 exereitum.
723 1666 829 1716 Latere
843 1664 949 1720 dextro

139 1739 230 1796 tertia
244 1740 330 1807 legio,
351 1740 468 1791 sinistro
479 1742 569 1789 sexta
577 1735 736 1795 incedebat,
750 1732 853 1785 mediis
864 1734 949 1803 deeu-

139 1820 288 1862 manorom
307 1808 441 1860 delectis:
472 1806 684 1871 receptainter
703 1802 822 1853 ordines·
837 1805 948 1871 inpedi.

138 1882 247 1941 manta,
268 1882 424 1945 attengum
441 1874 644 1940 nrille·equites
659 1872 825 1924 tuebantur:
845 1875 947 1942 quibus

137 1946 277 2009 iusserat,
297 1944 504 1998 decantantium
515 1940 815 2006 communicarem,
832 1944 948 2016 reficgot

138 2024 387 2084 auarequerenter.
421 2016 454 2066 ln
465 2011 897 2080 cornibuspedeasagittarins,
915 2020 948 2067 et

139 2088 237 2136 cetera
246 2099 345 2136 manus
353 2084 482 2151 equitnm
491 2083 561 2147 ibat,
572 2081 754 2150 productiore
764 2098 898 2152 eomunm
908 2085 946 2144 ai·

54 2206 61 2214 ,
139 2154 246 2217 nistra,
267 2168 320 2221 per
337 2156 395 2205 ima
407 2154 534 2215 collium,
553 2158 596 2217 ut‚·
616 2153 642 2203 si
656 2150 752 2203 'hostis
771 2154 947 2217 intravisset,

139 2220 337 2276 frontesimul
351 2224 662 2291 etsinuaxciperetur.
697 2222 946 2276 Adsultareendi-

138 2306 223 2351 verso
235 2294 395 2359 Tiridates,
410 2309 466 2346 non
477 2293 614 2362 usquead
623 2294 727 2344 iactum
735 2292 802 2357 teli,
820 2292 870 2344 sed
883 2298 945 2345 tum

138 2363 290 2430 minitans,
310 2370 370 2417 tum
381 2365 475 2432 speeie
485 2364 667 2431 trepidantis,
686 2364 710 2414 si
721 2363 818 2413 laxare
830 2361 944 2414 ordines

139 2436 171 2485 at
180 2433 309 2488 diversos
320 2436 478 2487 consectari
488 2439 595 2501 posset.
630 2432 685 2483 Vbi
695 2431 767 2505 nihil
780 2432 945 2483 temeritate

138 2501 273 2570 solutum,
282 2522 336 2558 nec
346 2506 465 2573 amplius¹
477 2503 688 2573 qnamDeenrio
700 2503 834 2571 equitum,
842 2501 945 2552 anden-

138 2574 370 2646 tiusprogressus
379 2582 409 2629 et
418 2576 528 2643 sagittis
543 2577 682 2638 continue,
702 2580 812 2626 eeteros
821 2571 857 2623 ad
868 2571 946 2622 obse·

138 2647 232 2767 qgium
245 2648 371 2717 exemplo
382 2649 557 2713 firmaverat,
573 2646 736 2715 propinquis
752 2644 807 2696 iam
823 2640 946 2696 tenebris

137 2728 156 2767 a
174 2719 282 2773 acessit.
667 2727 671 2730 ·
