2034 3025
124 79 131 99 ⁸
163 103 217 156 rus
287 97 515 156 nuunnrvu
534 53 856 166 [audabatas

171 173 965 197 —---.—--———-—-‚-—-———————-

165 204 209 254 llli
222 201 320 268 cupido
331 201 423 268 Regni
443 199 533 252 fratre
549 205 579 250 et
592 198 652 248 lilia
671 201 778 265 potior,
799 202 963 270 animusque

166 272 318 323 sceleribus
329 275 454 338 paratus.
472 269 545 319 visui
555 273 649 319 tamon
660 269 809 338 consulunt,
823 285 860 321 ne
869 285 963 322 coram

164 339 401 392 interficerentur.
425 339 463 390 Et
472 335 680 400 Rhadamistut',
692 339 772 405 quasi
781 339 965 389 iurisiurandi

113 421 116 425 ·
166 423 284 472 memor,
294 423 350 459 uon
361 406 476 469 ferrum,
488 422 543 458 non
554 421 691 457 venenum
701 409 730 456 in
742 405 869 458 sororem
880 411 964 472 otpa·

166 482 262 528 truum
272 478 425 544 expromit3
445 475 494 526 sed
509 475 650 541 proiectos
661 473 827 536 inbumum‚
846 462 964 526 etvestc

165 545 255 596 multa
264 545 399 612 gravique
411 549 525 609 opertos
536 548 627 595 uocat,
654 542 720 594 Filii
732 558 843 610 quoque
853 541 964 593 Mithri·

165 613 255 675 datis,
286 613 361 681 quod
380 612 512 664 caedibus
530 617 680 680 parentum
699 613 963 678 inlacrymaverant,

164 681 299 732 trucidati
309 687 385 732 sunt.

216 749 338 801 XLVlll.
357 749 397 800 At
407 747 567 810 Quadratus
577 764 748 817 cognoscens
758 748 901 814 proditum
910 749 964 799 bli-

164 815 319 882 thridaten,
341 822 370 869 et
381 817 507 885 Regnum
527 821 562 869 ab
580 817 810 869 interfectoribus
832 819 964 881 obtineri,

163 891 247 937 vocat
258 887 415 948 consilium,
426 887 509 938 docet
520 892 592 948 acta,
603 891 640 947 et,
651 901 687 936 an
696 885 889 950 ulcisceretur,
899 901 963 938 oon·

126 989 128 992 -
163 955 261 1006 sultat.
296 954 398 1006 Paucis
417 953 500 1005 decus
520 955 658 1020 publicum
677 968 773 1004 curae:
793 955 887 1019 plures
901 961 966 1006 tuta

97 1043 99 1046 ·
163 1021 321 1076 disserunt:
342 1020 739 1079 Ornnescelosexternumcum
748 1022 857 1074 metitis
867 1021 965 1075 loden-

164 1090 235 1142 durn.
264 1091 364 1144 semino
375 1092 458 1144 etiam
468 1091 587 1142 odiorum
596 1090 733 1152 ἰαοίικᾰα,
752 1099 785 1142 ut
793 1107 872 1158 saepe
882 1092 967 1144 Prr'n·

163 1157 235 1226 cipes
249 1159 367 1212 Romani
379 1161 497 1211 eamdem
511 1159 674 1221 Armeniam,
694 1159 780 1225 speeie
798 1159 967 1227 largitionis,

164 1228 305 1281 turbandis
316 1228 493 1280 barbarorum
504 1226 600 1279 animis
607 1227 791 1294 praebuerint.
819 1226 968 1280 Potiretur

163 1295 358 1349 Rbadomistos
367 1299 436 1349 male
441 1297 543 1364 portis,
554 1297 615 1347 dum
623 1295 873 1369 inrisos,s'nfomis.·
883 1313 966 1365 quun·

69 1393 87 1414 -.
164 1367 198 1418 do
208 1365 238 1416 id
246 1365 332 1437 tnagis
342 1384 376 1420 ex
385 1381 450 1430 usu,
465 1383 545 1434 quom
555 1365 581 1417 ti
588 1379 648 1418 cum
655 1366 747 1436 glorio
758 1367 963 1438 adeptussoret.

96 1435 110 1465 ⁶
165 1433 460 1490 Iulianosententiam
471 1439 551 1488 itum.
587 1435 629 1487 Ne
644 1442 739 1487 tamen
756 1437 887 1488 adnuisse
898 1437 966 1488 tuci·

167 1506 413 1571 uorividereutur,
429 1512 459 1560 et
469 1507 582 1561 diversa
591 1506 695 1559 Caesar
704 1508 887 1573 praeciperet,
902 1507 967 1559 mis·
982 1524 988 1531 ⁷

71 1608 73 1612 v
166 1577 192 1626 si
202 1575 239 1627 ad
248 1574 457 1630 Pharasmanen
468 1579 570 1639 nuntii,
581 1586 614 1628 ut
622 1575 775 1630 abscederet
784 1575 969 1646 ostnlburdr·

165 1644 269 1708 meniis,
277 1644 421 1714 filiumque
431 1645 610 1697 obstruderet.

188 1766 196 1771 ,
217 1712 317 1765 XLIX.
335 1715 406 1764 Erat
422 1714 613 1780 Cappadociae
629 1712 798 1763 Procurator
811 1713 898 1765 lulius
914 1711 968 1768 Pe·

164 1780 273 1847 lignus,
294 1783 391 1848 ignavi
407 1783 507 1844 animi,
527 1787 563 1832 et
574 1779 728 1831 deridiculo
744 1783 870 1845 corporis
885 1782 968 1837 iuxta

166 1846 380 1914 despiciendus,¹
395 1849 446 1901 sed
457 1850 572 1901 Claudio
583 1862 718 1916 perquam
728 1846 886 1913 familiaris,
902 1866 965 1904 cum

165 1918 292 1985 privatus
309 1918 375 1970 olim
392 1919 605 1969 conversatione
620 1931 778 1967 scurrarum
788 1918 865 1969 iners
877 1922 967 1974 otium

166 1986 330 2037 oblectaret.
376 1986 418 2049 ls,
437 1988 551 2038 auxiliis
570 1986 782 2051 provincialium
801 1992 966 2055 contractis,
997 1992 1001 1997 '

78 2052 80 2057 ’
165 2058 307 2122 tamquam
318 2061 533 2123 recuperaturus
544 2054 712 2119 Armeniam,
729 2054 794 2107 dum
805 2058 897 2109 socios
908 2074 966 2112 ma·

98 2188 100 2194 s
152 2122 154 2129 '
165 2124 220 2191 gis,
231 2138 314 2191 quum
324 2122 422 2176 hostes
432 2124 593 2191 praedatur,
608 2126 740 2177 abscessu
750 2140 875 2190 suorum,
887 2131 916 2179 at
925 2129 968 2179 in-

165 2192 343 2243 cursantibus
353 2192 496 2257 barbaris,
516 2194 650 2260 praesidii
660 2208 760 2262 egena
771 2195 807 2246 ad
817 2194 967 2263 Rhadami-

121 2308 125 2313 .
165 2266 241 2327 stum
250 2262 342 2313 renitt
361 2262 498 2331 donisque
509 2264 570 2315 eius
581 2265 697 2327 evictus,
712 2264 788 2315 ultro
798 2262 915 2333 Regium
924 2263 966 2318 s‘s·

164 2328 241 2399 signe
251 2346 353 2383 sumere
362 2330 537 2395 cohortatur,
547 2335 725 2401 sumentique
735 2334 816 2384 sdest
826 2340 925 2385 auctor
936 2338 966 2386 et

165 2398 290 2452 satelles.
314 2400 396 2461 Quod
405 2402 453 2453 ubi
464 2403 542 2468 turpi
551 2401 627 2453 frma
635 2403 818 2469 divulgatum,
830 2404 966 2455 necaturi

165 2482 276 2536 quoque
295 2484 330 2521 ex
342 2468 458 2539 Peligno
474 2473 715 2534 coniectarentur,
733 2470 881 2523 Helvidius
892 2470 967 2523 Pris-

165 2551 223 2601 cus,
235 2538 369 2606 Legatos,
389 2554 450 2591 cum
465 2540 581 2606 legione
596 2540 729 2603 mittitur,
748 2541 833 2590 rebus
843 2539 966 2592 turbidis

165 2610 579 2677 protemporeutconsulerct.
609 2610 965 2679 igiturpropereurontsm
