<?xml version="1.0" encoding="UTF-8"?>
<!DOCTYPE html PUBLIC "-//W3C//DTD XHTML 1.0 Transitional//EN"
    "http://www.w3.org/TR/xhtml1/DTD/xhtml1-transitional.dtd">
<html xmlns="http://www.w3.org/1999/xhtml" xml:lang="en" lang="en">
 <head>
  <title>
</title>
<meta http-equiv="Content-Type" content="text/html;charset=utf-8" />
  <meta name='ocr-system' content='tesseract 3.04.00' />
  <meta name='ocr-capabilities' content='ocr_page ocr_carea ocr_par ocr_line ocrx_word'/>
</head>
<body>
  <div class='ocr_page' id='page_1' title='image "./ccorneliitaciti00socigoog/ccorneliitaciti00socigoog_0507.png"; bbox 0 0 2034 3025; ppageno 0'>
   <div class='ocr_carea' id='block_1_1' title="bbox 150 124 911 204">
    <p class='ocr_par' dir='ltr' id='par_1_1' title="bbox 150 124 911 204">
     <span class='ocr_line' id='line_1_1' title="bbox 150 124 911 204; baseline -0.007 -13"><span class='ocrx_word' id='word_1_1' title='bbox 150 129 210 192; x_wconf 76' lang='lat' dir='ltr'><strong>‘re</strong></span> <span class='ocrx_word' id='word_1_2' title='bbox 269 133 576 190; x_wconf 82' lang='lat' dir='ltr'><strong>nrsroamavra</strong></span> <span class='ocrx_word' id='word_1_3' title='bbox 610 124 911 204; x_wconf 57' lang='lat' dir='ltr'><strong>[arannem</strong></span> 
     </span>
    </p>
   </div>
   <div class='ocr_carea' id='block_1_2' title="bbox 102 235 1008 1492">
    <p class='ocr_par' dir='ltr' id='par_1_2' title="bbox 102 235 1008 1492">
     <span class='ocr_line' id='line_1_2' title="bbox 102 235 1002 316; baseline 0 -20"><span class='ocrx_word' id='word_1_4' title='bbox 102 299 105 315; x_wconf 29' lang='grc' dir='ltr'>λ</span> <span class='ocrx_word' id='word_1_5' title='bbox 143 235 145 240; x_wconf 67' lang='grc'><strong>’</strong></span> <span class='ocrx_word' id='word_1_6' title='bbox 173 245 286 316; x_wconf 80' lang='lat' dir='ltr'><strong>adfore:</strong></span> <span class='ocrx_word' id='word_1_7' title='bbox 303 250 363 294; x_wconf 81' lang='lat' dir='ltr'><strong>tum</strong></span> <span class='ocrx_word' id='word_1_8' title='bbox 372 257 468 292; x_wconf 80' lang='lat' dir='ltr'><strong>rursus</strong></span> <span class='ocrx_word' id='word_1_9' title='bbox 479 241 700 304; x_wconf 76' lang='lat' dir='ltr'><strong>deliberaturum,</strong></span> <span class='ocrx_word' id='word_1_10' title='bbox 709 238 779 304; x_wconf 58' lang='grc' dir='ltr'><strong>εἰμι’</strong></span> <span class='ocrx_word' id='word_1_11' title='bbox 784 241 933 308; x_wconf 71' lang='lat' dir='ltr'><strong>proelium</strong></span> <span class='ocrx_word' id='word_1_12' title='bbox 937 246 1002 312; x_wconf 67' lang='lat' dir='ltr'><strong>ple</strong></span> 
     </span>
     <span class='ocr_line' id='line_1_3' title="bbox 173 309 850 376; baseline -0.007 -10"><span class='ocrx_word' id='word_1_13' title='bbox 173 309 282 375; x_wconf 66' lang='lat' dir='ltr'><strong>ruisset,</strong></span> <span class='ocrx_word' id='word_1_14' title='bbox 292 310 381 363; x_wconf 78' lang='lat' dir='ltr'><strong>auctis</strong></span> <span class='ocrx_word' id='word_1_15' title='bbox 390 309 492 362; x_wconf 77' lang='lat' dir='ltr'><strong>viribus</strong></span> <span class='ocrx_word' id='word_1_16' title='bbox 501 318 663 362; x_wconf 81' lang='lat' dir='ltr'><strong>certaturos.</strong></span> <span class='ocrx_word' id='word_1_17' title='bbox 847 372 850 376; x_wconf 85' lang='lat'>.</span> 
     </span>
     <span class='ocr_line' id='line_1_4' title="bbox 225 377 1008 434; baseline -0.005 0"><span class='ocrx_word' id='word_1_18' title='bbox 225 380 351 434; x_wconf 83' lang='lat' dir='ltr'><strong>XXXlll.</strong></span> <span class='ocrx_word' id='word_1_19' title='bbox 386 379 543 432; x_wconf 80' lang='lat' dir='ltr'>Accedebat</span> <span class='ocrx_word' id='word_1_20' title='bbox 561 381 717 432; x_wconf 88' lang='lat' dir='ltr'><strong>sententiae</strong></span> <span class='ocrx_word' id='word_1_21' title='bbox 736 377 860 433; x_wconf 86' lang='lat' dir='ltr'><strong>Paullini</strong></span> <span class='ocrx_word' id='word_1_22' title='bbox 881 378 1008 432; x_wconf 79' lang='lat' dir='ltr'><strong>Marias</strong></span> 
     </span>
     <span class='ocr_line' id='line_1_5' title="bbox 174 448 1005 516; baseline -0.01 -10"><span class='ocrx_word' id='word_1_23' title='bbox 174 453 284 506; x_wconf 86' lang='lat' dir='ltr'><strong>Celsus:</strong></span> <span class='ocrx_word' id='word_1_24' title='bbox 303 451 374 502; x_wconf 80' lang='lat' dir='ltr'><strong>idem</strong></span> <span class='ocrx_word' id='word_1_25' title='bbox 407 451 494 502; x_wconf 82' lang='lat' dir='ltr'><strong>lacere</strong></span> <span class='ocrx_word' id='word_1_26' title='bbox 508 448 600 502; x_wconf 77' lang='lat' dir='ltr'><strong>Annio</strong></span> <span class='ocrx_word' id='word_1_27' title='bbox 617 451 708 512; x_wconf 77' lang='lat' dir='ltr'><strong>Gallo,</strong></span> <span class='ocrx_word' id='word_1_28' title='bbox 726 461 829 516; x_wconf 79' lang='lat' dir='ltr'><strong>paucos</strong></span> <span class='ocrx_word' id='word_1_29' title='bbox 845 454 920 502; x_wconf 87' lang='lat' dir='ltr'><strong>ante</strong></span> <span class='ocrx_word' id='word_1_30' title='bbox 937 451 1005 502; x_wconf 65' lang='lat' dir='ltr'><strong>dies</strong></span> 
     </span>
     <span class='ocr_line' id='line_1_6' title="bbox 172 463 1002 589; baseline -0.005 -15"><span class='ocrx_word' id='word_1_31' title='bbox 172 521 253 589; x_wconf 85' lang='lat' dir='ltr'><strong>lapsu</strong></span> <span class='ocrx_word' id='word_1_32' title='bbox 265 522 328 589; x_wconf 90' lang='lat' dir='ltr'><strong>equi</strong></span> <span class='ocrx_word' id='word_1_33' title='bbox 339 463 463 584; x_wconf 47' lang='lat' dir='ltr'><strong>adficta,</strong></span> <span class='ocrx_word' id='word_1_34' title='bbox 473 519 558 581; x_wconf 88' lang='lat' dir='ltr'><strong>missi,</strong></span> <span class='ocrx_word' id='word_1_35' title='bbox 576 520 623 588; x_wconf 86' lang='lat' dir='ltr'><strong>qui</strong></span> <span class='ocrx_word' id='word_1_36' title='bbox 633 519 779 570; x_wconf 88' lang='lat' dir='ltr'><strong>consilium</strong></span> <span class='ocrx_word' id='word_1_37' title='bbox 791 518 853 568; x_wconf 86' lang='lat' dir='ltr'><strong>eius</strong></span> <span class='ocrx_word' id='word_1_38' title='bbox 864 520 1002 570; x_wconf 85' lang='lat' dir='ltr'><strong>sciscita-</strong></span> 
     </span>
     <span class='ocr_line' id='line_1_7' title="bbox 172 587 1002 656; baseline -0.007 -12"><span class='ocrx_word' id='word_1_39' title='bbox 172 597 278 656; x_wconf 85' lang='lat' dir='ltr'><strong>rentur,</strong></span> <span class='ocrx_word' id='word_1_40' title='bbox 296 588 463 642; x_wconf 76' lang='lat' dir='ltr'><strong>retulerant.</strong></span> <span class='ocrx_word' id='word_1_41' title='bbox 498 587 574 640; x_wconf 85' lang='lat' dir='ltr'>Otho</span> <span class='ocrx_word' id='word_1_42' title='bbox 589 604 693 655; x_wconf 90' lang='lat' dir='ltr'><strong>pronus</strong></span> <span class='ocrx_word' id='word_1_43' title='bbox 712 588 750 640; x_wconf 86' lang='lat' dir='ltr'><strong>ad</strong></span> <span class='ocrx_word' id='word_1_44' title='bbox 768 587 1002 640; x_wconf 81' lang='lat' dir='ltr'><strong>decertandum:</strong></span> 
     </span>
     <span class='ocr_line' id='line_1_8' title="bbox 172 655 1001 721; baseline -0.007 -7"><span class='ocrx_word' id='word_1_45' title='bbox 172 661 261 714; x_wconf 83' lang='lat' dir='ltr'><strong>frater</strong></span> <span class='ocrx_word' id='word_1_46' title='bbox 271 661 330 711; x_wconf 89' lang='lat' dir='ltr'><strong>eius</strong></span> <span class='ocrx_word' id='word_1_47' title='bbox 340 659 482 721; x_wconf 75' lang='lat' dir='ltr'><strong>Titianus,</strong></span> <span class='ocrx_word' id='word_1_48' title='bbox 503 662 534 708; x_wconf 90' lang='lat' dir='ltr'><strong>et</strong></span> <span class='ocrx_word' id='word_1_49' title='bbox 548 657 713 711; x_wconf 74' lang='lat' dir='ltr'>Praefectus</span> <span class='ocrx_word' id='word_1_50' title='bbox 728 655 870 708; x_wconf 78' lang='lat' dir='ltr'><strong>Praetorii</strong></span> <span class='ocrx_word' id='word_1_51' title='bbox 885 656 1001 710; x_wconf 86' lang='lat' dir='ltr'><strong>Procu-</strong></span> 
     </span>
     <span class='ocr_line' id='line_1_9' title="bbox 114 721 999 795; baseline -0.003 -13"><span class='ocrx_word' id='word_1_52' title='bbox 114 761 117 766; x_wconf 92' lang='lat'>·</span> <span class='ocrx_word' id='word_1_53' title='bbox 171 729 225 794; x_wconf 89' lang='lat' dir='ltr'><strong>lus,</strong></span> <span class='ocrx_word' id='word_1_54' title='bbox 243 729 375 794; x_wconf 79' lang='lat' dir='ltr'><strong>inperitia</strong></span> <span class='ocrx_word' id='word_1_55' title='bbox 389 733 581 795; x_wconf 87' lang='lat' dir='ltr'><strong>properantes,</strong></span> <span class='ocrx_word' id='word_1_56' title='bbox 600 726 752 780; x_wconf 78' lang='lat' dir='ltr'><strong>Fortunam</strong></span> <span class='ocrx_word' id='word_1_57' title='bbox 761 733 789 777; x_wconf 77' lang='lat' dir='ltr'><strong>et</strong></span> <span class='ocrx_word' id='word_1_58' title='bbox 797 721 875 782; x_wconf 80' lang='lat' dir='ltr'><strong>Deos</strong></span> <span class='ocrx_word' id='word_1_59' title='bbox 890 735 926 778; x_wconf 79' lang='lat' dir='ltr'><strong>et</strong></span> <span class='ocrx_word' id='word_1_60' title='bbox 943 727 999 779; x_wconf 79' lang='lat' dir='ltr'><strong>Na·</strong></span> 
     </span>
     <span class='ocr_line' id='line_1_10' title="bbox 172 793 997 870; baseline -0.002 -20"><span class='ocrx_word' id='word_1_61' title='bbox 172 815 232 851; x_wconf 80' lang='lat' dir='ltr'><strong>men</strong></span> <span class='ocrx_word' id='word_1_62' title='bbox 243 795 358 850; x_wconf 73' lang='lat' dir='ltr'><strong>Othonis</strong></span> <span class='ocrx_word' id='word_1_63' title='bbox 368 798 459 849; x_wconf 77' lang='lat' dir='ltr'><strong>adeste</strong></span> <span class='ocrx_word' id='word_1_64' title='bbox 469 797 597 859; x_wconf 74' lang='lat' dir='ltr'><strong>consiliis,</strong></span> <span class='ocrx_word' id='word_1_65' title='bbox 617 797 715 870; x_wconf 81' lang='lat' dir='ltr'><strong>adfore</strong></span> <span class='ocrx_word' id='word_1_66' title='bbox 728 793 884 860; x_wconf 77' lang='lat' dir='ltr'><strong>conatibus,</strong></span> <span class='ocrx_word' id='word_1_67' title='bbox 903 801 997 848; x_wconf 81' lang='lat' dir='ltr'><strong>testa·</strong></span> 
     </span>
     <span class='ocr_line' id='line_1_11' title="bbox 114 864 996 934; baseline -0.006 -14"><span class='ocrx_word' id='word_1_68' title='bbox 114 889 117 900; x_wconf 59' lang='grc'>’</span> <span class='ocrx_word' id='word_1_69' title='bbox 172 870 283 920; x_wconf 82' lang='lat' dir='ltr'><strong>bantur.</strong></span> <span class='ocrx_word' id='word_1_70' title='bbox 319 882 374 918; x_wconf 88' lang='lat' dir='ltr'><strong>neu</strong></span> <span class='ocrx_word' id='word_1_71' title='bbox 384 868 445 934; x_wconf 83' lang='lat' dir='ltr'><strong>quis</strong></span> <span class='ocrx_word' id='word_1_72' title='bbox 460 867 569 918; x_wconf 83' lang='lat' dir='ltr'><strong>obviam</strong></span> <span class='ocrx_word' id='word_1_73' title='bbox 585 869 627 919; x_wconf 88' lang='lat' dir='ltr'><strong>ire</strong></span> <span class='ocrx_word' id='word_1_74' title='bbox 637 867 793 919; x_wconf 87' lang='lat' dir='ltr'><strong>sententiae</strong></span> <span class='ocrx_word' id='word_1_75' title='bbox 809 864 952 930; x_wconf 77' lang='lat' dir='ltr'><strong>auderet,</strong></span> <span class='ocrx_word' id='word_1_76' title='bbox 970 869 996 916; x_wconf 89' lang='lat' dir='ltr'><strong>in</strong></span> 
     </span>
     <span class='ocr_line' id='line_1_12' title="bbox 172 936 997 1004; baseline -0.002 -16"><span class='ocrx_word' id='word_1_77' title='bbox 172 937 363 988; x_wconf 77' lang='lat' dir='ltr'><strong>adulationem</strong></span> <span class='ocrx_word' id='word_1_78' title='bbox 378 942 582 989; x_wconf 87' lang='lat' dir='ltr'><strong>concesserant.</strong></span> <span class='ocrx_word' id='word_1_79' title='bbox 620 936 770 1004; x_wconf 83' lang='lat' dir='ltr'><strong>Postquam</strong></span> <span class='ocrx_word' id='word_1_80' title='bbox 792 937 920 1002; x_wconf 80' lang='lat' dir='ltr'><strong>pugnari</strong></span> <span class='ocrx_word' id='word_1_81' title='bbox 940 936 997 1002; x_wconf 84' lang='lat' dir='ltr'><strong>pla</strong></span> 
     </span>
     <span class='ocr_line' id='line_1_13' title="bbox 173 1003 996 1075; baseline 0.002 -19"><span class='ocrx_word' id='word_1_82' title='bbox 173 1006 267 1068; x_wconf 89' lang='lat' dir='ltr'><strong>citum,</strong></span> <span class='ocrx_word' id='word_1_83' title='bbox 284 1003 412 1057; x_wconf 78' lang='lat' dir='ltr'><strong>interesse</strong></span> <span class='ocrx_word' id='word_1_84' title='bbox 423 1021 537 1075; x_wconf 83' lang='lat' dir='ltr'><strong>pugnae</strong></span> <span class='ocrx_word' id='word_1_85' title='bbox 551 1005 760 1074; x_wconf 80' lang='lat' dir='ltr'><strong>Imperatorem,</strong></span> <span class='ocrx_word' id='word_1_86' title='bbox 779 1021 816 1058; x_wconf 80' lang='lat' dir='ltr'><strong>an</strong></span> <span class='ocrx_word' id='word_1_87' title='bbox 830 1005 934 1072; x_wconf 77' lang='lat' dir='ltr'><strong>seponi</strong></span> <span class='ocrx_word' id='word_1_88' title='bbox 944 1022 996 1057; x_wconf 81' lang='lat' dir='ltr'><strong>nte·</strong></span> 
     </span>
     <span class='ocr_line' id='line_1_14' title="bbox 172 1073 996 1147; baseline -0.004 -20"><span class='ocrx_word' id='word_1_89' title='bbox 172 1073 226 1127; x_wconf 80' lang='lat' dir='ltr'><strong>lius</strong></span> <span class='ocrx_word' id='word_1_90' title='bbox 238 1075 326 1147; x_wconf 83' lang='lat' dir='ltr'><strong>soret,</strong></span> <span class='ocrx_word' id='word_1_91' title='bbox 344 1074 515 1129; x_wconf 82' lang='lat' dir='ltr'><strong>dubitavere.</strong></span> <span class='ocrx_word' id='word_1_92' title='bbox 551 1075 682 1128; x_wconf 89' lang='lat' dir='ltr'><strong>Paullino</strong></span> <span class='ocrx_word' id='word_1_93' title='bbox 703 1080 742 1128; x_wconf 80' lang='lat' dir='ltr'><strong>et</strong></span> <span class='ocrx_word' id='word_1_94' title='bbox 754 1074 834 1127; x_wconf 82' lang='lat' dir='ltr'><strong>Celso</strong></span> <span class='ocrx_word' id='word_1_95' title='bbox 856 1075 918 1125; x_wconf 87' lang='lat' dir='ltr'><strong>iam</strong></span> <span class='ocrx_word' id='word_1_96' title='bbox 938 1090 996 1126; x_wconf 92' lang='lat' dir='ltr'><strong>non</strong></span> 
     </span>
     <span class='ocr_line' id='line_1_15' title="bbox 173 1143 996 1212; baseline 0 -17"><span class='ocrx_word' id='word_1_97' title='bbox 173 1145 391 1207; x_wconf 81' lang='lat' dir='ltr'><strong>adversantibus,</strong></span> <span class='ocrx_word' id='word_1_98' title='bbox 402 1160 437 1196; x_wconf 92' lang='lat' dir='ltr'><strong>ne</strong></span> <span class='ocrx_word' id='word_1_99' title='bbox 448 1145 605 1212; x_wconf 76' lang='lat' dir='ltr'><strong>Printipem</strong></span> <span class='ocrx_word' id='word_1_100' title='bbox 617 1147 758 1198; x_wconf 84' lang='lat' dir='ltr'><strong>obiectare</strong></span> <span class='ocrx_word' id='word_1_101' title='bbox 768 1143 905 1212; x_wconf 86' lang='lat' dir='ltr'><strong>periculis</strong></span> <span class='ocrx_word' id='word_1_102' title='bbox 917 1145 996 1195; x_wconf 75' lang='lat' dir='ltr'><strong>ride·</strong></span> 
     </span>
     <span class='ocr_line' id='line_1_16' title="bbox 171 1213 985 1282; baseline -0.002 -18"><span class='ocrx_word' id='word_1_103' title='bbox 171 1218 286 1277; x_wconf 88' lang='lat' dir='ltr'><strong>rentur,</strong></span> <span class='ocrx_word' id='word_1_104' title='bbox 304 1213 387 1265; x_wconf 89' lang='lat' dir='ltr'><strong>iidem</strong></span> <span class='ocrx_word' id='word_1_105' title='bbox 398 1213 442 1264; x_wconf 94' lang='lat' dir='ltr'><strong>illi</strong></span> <span class='ocrx_word' id='word_1_106' title='bbox 458 1215 606 1267; x_wconf 88' lang='lat' dir='ltr'><strong>deterioris</strong></span> <span class='ocrx_word' id='word_1_107' title='bbox 620 1216 729 1266; x_wconf 87' lang='lat' dir='ltr'><strong>consilii</strong></span> <span class='ocrx_word' id='word_1_108' title='bbox 744 1220 878 1266; x_wconf 76' lang='lat' dir='ltr'><strong>auctores</strong></span> <span class='ocrx_word' id='word_1_109' title='bbox 888 1227 985 1282; x_wconf 87' lang='lat' dir='ltr'><strong>perpu</strong></span> 
     </span>
     <span class='ocr_line' id='line_1_17' title="bbox 171 1280 993 1350; baseline -0.002 -16"><span class='ocrx_word' id='word_1_110' title='bbox 171 1283 241 1347; x_wconf 86' lang='lat' dir='ltr'><strong>lere,</strong></span> <span class='ocrx_word' id='word_1_111' title='bbox 259 1291 291 1334; x_wconf 81' lang='lat' dir='ltr'><strong>at</strong></span> <span class='ocrx_word' id='word_1_112' title='bbox 300 1280 456 1335; x_wconf 75' lang='lat' dir='ltr'><strong>Brixellum</strong></span> <span class='ocrx_word' id='word_1_113' title='bbox 464 1285 637 1348; x_wconf 79' lang='lat' dir='ltr'><strong>concederet,</strong></span> <span class='ocrx_word' id='word_1_114' title='bbox 656 1301 702 1348; x_wconf 85' lang='lat' dir='ltr'><strong>ac,</strong></span> <span class='ocrx_word' id='word_1_115' title='bbox 722 1283 810 1337; x_wconf 76' lang='lat' dir='ltr'><strong>dubiis</strong></span> <span class='ocrx_word' id='word_1_116' title='bbox 817 1282 993 1350; x_wconf 72' lang='lat' dir='ltr'><strong>proeliorum</strong></span> 
     </span>
     <span class='ocr_line' id='line_1_18' title="bbox 173 1352 983 1423; baseline -0.004 -18"><span class='ocrx_word' id='word_1_117' title='bbox 173 1361 319 1421; x_wconf 67' lang='lat' dir='ltr'><strong>exstirpatur,</strong></span> <span class='ocrx_word' id='word_1_118' title='bbox 330 1367 449 1404; x_wconf 79' lang='lat' dir='ltr'><strong>summae</strong></span> <span class='ocrx_word' id='word_1_119' title='bbox 464 1369 556 1405; x_wconf 84' lang='lat' dir='ltr'><strong>reram</strong></span> <span class='ocrx_word' id='word_1_120' title='bbox 566 1363 593 1405; x_wconf 81' lang='lat' dir='ltr'><strong>et</strong></span> <span class='ocrx_word' id='word_1_121' title='bbox 608 1353 722 1423; x_wconf 78' lang='lat' dir='ltr'><strong>imperii</strong></span> <span class='ocrx_word' id='word_1_122' title='bbox 731 1370 758 1405; x_wconf 85' lang='lat' dir='ltr'><strong>se</strong></span> <span class='ocrx_word' id='word_1_123' title='bbox 767 1352 856 1420; x_wconf 79' lang='lat' dir='ltr'><strong>ipsum</strong></span> <span class='ocrx_word' id='word_1_124' title='bbox 866 1369 983 1405; x_wconf 77' lang='lat' dir='ltr'><strong>reserva</strong></span> 
     </span>
     <span class='ocr_line' id='line_1_19' title="bbox 172 1421 990 1492; baseline -0.006 -17"><span class='ocrx_word' id='word_1_125' title='bbox 172 1430 225 1483; x_wconf 76' lang='lat' dir='ltr'><strong>ret.</strong></span> <span class='ocrx_word' id='word_1_126' title='bbox 260 1425 287 1476; x_wconf 88' lang='lat' dir='ltr'><strong>ls</strong></span> <span class='ocrx_word' id='word_1_127' title='bbox 297 1425 403 1490; x_wconf 87' lang='lat' dir='ltr'><strong>primus</strong></span> <span class='ocrx_word' id='word_1_128' title='bbox 414 1422 473 1474; x_wconf 85' lang='lat' dir='ltr'><strong>dies</strong></span> <span class='ocrx_word' id='word_1_129' title='bbox 484 1421 657 1475; x_wconf 86' lang='lat' dir='ltr'><strong>Othonianas</strong></span> <span class='ocrx_word' id='word_1_130' title='bbox 668 1430 763 1492; x_wconf 86' lang='lat' dir='ltr'><strong>partes</strong></span> <span class='ocrx_word' id='word_1_131' title='bbox 774 1421 893 1475; x_wconf 80' lang='lat' dir='ltr'><strong>adflixit.</strong></span> <span class='ocrx_word' id='word_1_132' title='bbox 911 1437 990 1472; x_wconf 83' lang='lat' dir='ltr'><strong>nam-</strong></span> 
     </span>
    </p>
   </div>
   <div class='ocr_carea' id='block_1_3' title="bbox 171 1491 990 1974">
    <p class='ocr_par' dir='ltr' id='par_1_3' title="bbox 171 1491 990 1893">
     <span class='ocr_line' id='line_1_20' title="bbox 173 1491 989 1563; baseline -0.005 -18"><span class='ocrx_word' id='word_1_133' title='bbox 173 1509 229 1563; x_wconf 88' lang='lat' dir='ltr'><strong>que</strong></span> <span class='ocrx_word' id='word_1_134' title='bbox 239 1497 268 1547; x_wconf 90' lang='lat' dir='ltr'><strong>et</strong></span> <span class='ocrx_word' id='word_1_135' title='bbox 278 1509 339 1547; x_wconf 87' lang='lat' dir='ltr'><strong>oum</strong></span> <span class='ocrx_word' id='word_1_136' title='bbox 353 1494 414 1561; x_wconf 90' lang='lat' dir='ltr'><strong>ipso</strong></span> <span class='ocrx_word' id='word_1_137' title='bbox 425 1491 634 1545; x_wconf 88' lang='lat' dir='ltr'><strong>Praetoriarum</strong></span> <span class='ocrx_word' id='word_1_138' title='bbox 651 1492 808 1546; x_wconf 76' lang='lat' dir='ltr'><strong>cohortium</strong></span> <span class='ocrx_word' id='word_1_139' title='bbox 823 1497 852 1544; x_wconf 85' lang='lat' dir='ltr'><strong>et</strong></span> <span class='ocrx_word' id='word_1_140' title='bbox 862 1491 989 1558; x_wconf 86' lang='lat' dir='ltr'><strong>specula·</strong></span> 
     </span>
     <span class='ocr_line' id='line_1_21' title="bbox 172 1563 988 1633; baseline -0.004 -18"><span class='ocrx_word' id='word_1_141' title='bbox 172 1570 267 1616; x_wconf 89' lang='lat' dir='ltr'><strong>torum</strong></span> <span class='ocrx_word' id='word_1_142' title='bbox 280 1566 459 1633; x_wconf 80' lang='lat' dir='ltr'><strong>equitumque</strong></span> <span class='ocrx_word' id='word_1_143' title='bbox 474 1563 567 1616; x_wconf 88' lang='lat' dir='ltr'><strong>valida</strong></span> <span class='ocrx_word' id='word_1_144' title='bbox 582 1578 680 1615; x_wconf 85' lang='lat' dir='ltr'><strong>nranus</strong></span> <span class='ocrx_word' id='word_1_145' title='bbox 696 1564 836 1625; x_wconf 72' lang='lat' dir='ltr'><strong>discessit,</strong></span> <span class='ocrx_word' id='word_1_146' title='bbox 856 1567 988 1613; x_wconf 88' lang='lat' dir='ltr'><strong>etrema-</strong></span> 
     </span>
     <span class='ocr_line' id='line_1_22' title="bbox 173 1632 988 1701; baseline -0.004 -18"><span class='ocrx_word' id='word_1_147' title='bbox 173 1635 298 1687; x_wconf 87' lang='lat' dir='ltr'><strong>nentiu&#39;m</strong></span> <span class='ocrx_word' id='word_1_148' title='bbox 309 1633 414 1695; x_wconf 82' lang='lat' dir='ltr'><strong>fractus</strong></span> <span class='ocrx_word' id='word_1_149' title='bbox 425 1634 547 1685; x_wconf 86' lang='lat' dir='ltr'><strong>animus:</strong></span> <span class='ocrx_word' id='word_1_150' title='bbox 567 1633 679 1701; x_wconf 89' lang='lat' dir='ltr'><strong>quando</strong></span> <span class='ocrx_word' id='word_1_151' title='bbox 694 1634 816 1701; x_wconf 81' lang='lat' dir='ltr'><strong>suspecti</strong></span> <span class='ocrx_word' id='word_1_152' title='bbox 832 1632 945 1693; x_wconf 83' lang='lat' dir='ltr'><strong>Duces,</strong></span> <span class='ocrx_word' id='word_1_153' title='bbox 962 1639 988 1682; x_wconf 89' lang='lat' dir='ltr'><strong>et</strong></span> 
     </span>
     <span class='ocr_line' id='line_1_23' title="bbox 172 1701 989 1770; baseline -0.006 -16"><span class='ocrx_word' id='word_1_154' title='bbox 172 1709 206 1754; x_wconf 92' lang='lat' dir='ltr'><strong>ut</strong></span> <span class='ocrx_word' id='word_1_155' title='bbox 214 1702 318 1755; x_wconf 87' lang='lat' dir='ltr'><strong>Othoni</strong></span> <span class='ocrx_word' id='word_1_156' title='bbox 329 1706 376 1755; x_wconf 90' lang='lat' dir='ltr'><strong>uni</strong></span> <span class='ocrx_word' id='word_1_157' title='bbox 387 1704 461 1770; x_wconf 88' lang='lat' dir='ltr'><strong>apud</strong></span> <span class='ocrx_word' id='word_1_158' title='bbox 472 1702 590 1755; x_wconf 90' lang='lat' dir='ltr'><strong>militem</strong></span> <span class='ocrx_word' id='word_1_159' title='bbox 601 1702 680 1766; x_wconf 83' lang='lat' dir='ltr'><strong>tides,</strong></span> <span class='ocrx_word' id='word_1_160' title='bbox 690 1703 759 1754; x_wconf 91' lang='lat' dir='ltr'><strong>dum</strong></span> <span class='ocrx_word' id='word_1_161' title='bbox 770 1704 867 1769; x_wconf 87' lang='lat' dir='ltr'><strong>etipse</strong></span> <span class='ocrx_word' id='word_1_162' title='bbox 879 1715 938 1751; x_wconf 89' lang='lat' dir='ltr'><strong>non</strong></span> <span class='ocrx_word' id='word_1_163' title='bbox 950 1701 989 1750; x_wconf 84' lang='lat' dir='ltr'><strong>ni·</strong></span> 
     </span>
     <span class='ocr_line' id='line_1_24' title="bbox 172 1770 990 1841; baseline -0.002 -19"><span class='ocrx_word' id='word_1_164' title='bbox 172 1774 196 1822; x_wconf 90' lang='lat' dir='ltr'><strong>si</strong></span> <span class='ocrx_word' id='word_1_165' title='bbox 207 1773 342 1824; x_wconf 79' lang='lat' dir='ltr'><strong>militibus</strong></span> <span class='ocrx_word' id='word_1_166' title='bbox 353 1774 451 1837; x_wconf 83' lang='lat' dir='ltr'><strong>credit,</strong></span> <span class='ocrx_word' id='word_1_167' title='bbox 460 1774 577 1841; x_wconf 89' lang='lat' dir='ltr'><strong>imperia</strong></span> <span class='ocrx_word' id='word_1_168' title='bbox 586 1772 696 1825; x_wconf 83' lang='lat' dir='ltr'><strong>Ducum</strong></span> <span class='ocrx_word' id='word_1_169' title='bbox 706 1774 736 1823; x_wconf 87' lang='lat' dir='ltr'><strong>iu</strong></span> <span class='ocrx_word' id='word_1_170' title='bbox 745 1774 854 1825; x_wconf 88' lang='lat' dir='ltr'><strong>incerto</strong></span> <span class='ocrx_word' id='word_1_171' title='bbox 863 1770 990 1838; x_wconf 86' lang='lat' dir='ltr'><strong>relique-</strong></span> 
     </span>
     <span class='ocr_line' id='line_1_25' title="bbox 171 1846 225 1893; baseline 0 0"><span class='ocrx_word' id='word_1_172' title='bbox 171 1846 225 1893; x_wconf 86' lang='lat' dir='ltr'><strong>rat.</strong></span> 
     </span>
    </p>

    <p class='ocr_par' dir='ltr' id='par_1_4' title="bbox 223 1908 988 1974">
     <span class='ocr_line' id='line_1_26' title="bbox 223 1908 988 1974; baseline -0.004 -11"><span class='ocrx_word' id='word_1_173' title='bbox 223 1910 352 1964; x_wconf 82' lang='lat' dir='ltr'><strong>XXXIV.</strong></span> <span class='ocrx_word' id='word_1_174' title='bbox 388 1910 464 1963; x_wconf 85' lang='lat' dir='ltr'><strong>Nihil</strong></span> <span class='ocrx_word' id='word_1_175' title='bbox 483 1926 579 1965; x_wconf 88' lang='lat' dir='ltr'><strong>eorum</strong></span> <span class='ocrx_word' id='word_1_176' title='bbox 594 1909 762 1974; x_wconf 82' lang='lat' dir='ltr'><strong>Vitellianos</strong></span> <span class='ocrx_word' id='word_1_177' title='bbox 776 1908 911 1972; x_wconf 86' lang='lat' dir='ltr'><strong>fallebat,</strong></span> <span class='ocrx_word' id='word_1_178' title='bbox 928 1923 988 1960; x_wconf 83' lang='lat' dir='ltr'><strong>cre</strong></span> 
     </span>
    </p>
   </div>
   <div class='ocr_carea' id='block_1_4' title="bbox 92 1978 986 2738">
    <p class='ocr_par' dir='ltr' id='par_1_5' title="bbox 170 1978 986 2048">
     <span class='ocr_line' id='line_1_27' title="bbox 170 1978 986 2048; baseline -0.002 -19"><span class='ocrx_word' id='word_1_179' title='bbox 170 1979 238 2041; x_wconf 89' lang='lat' dir='ltr'><strong>bris,</strong></span> <span class='ocrx_word' id='word_1_180' title='bbox 258 1986 290 2031; x_wconf 91' lang='lat' dir='ltr'><strong>ut</strong></span> <span class='ocrx_word' id='word_1_181' title='bbox 300 1983 329 2031; x_wconf 93' lang='lat' dir='ltr'><strong>in</strong></span> <span class='ocrx_word' id='word_1_182' title='bbox 342 1982 416 2032; x_wconf 81' lang='lat' dir='ltr'><strong>civili</strong></span> <span class='ocrx_word' id='word_1_183' title='bbox 430 1981 515 2043; x_wconf 89' lang='lat' dir='ltr'><strong>bollo,</strong></span> <span class='ocrx_word' id='word_1_184' title='bbox 533 1980 714 2048; x_wconf 82' lang='lat' dir='ltr'><strong>transfugiis:</strong></span> <span class='ocrx_word' id='word_1_185' title='bbox 736 1985 766 2031; x_wconf 88' lang='lat' dir='ltr'><strong>et</strong></span> <span class='ocrx_word' id='word_1_186' title='bbox 780 1978 986 2045; x_wconf 81' lang='lat' dir='ltr'><strong>exploratores,</strong></span> 
     </span>
    </p>

    <p class='ocr_par' dir='ltr' id='par_1_6' title="bbox 120 2048 986 2395">
     <span class='ocr_line' id='line_1_28' title="bbox 128 2048 986 2112; baseline -0.005 -13"><span class='ocrx_word' id='word_1_187' title='bbox 128 2077 130 2081; x_wconf 94' lang='lat'>·</span> <span class='ocrx_word' id='word_1_188' title='bbox 170 2062 239 2099; x_wconf 89' lang='lat' dir='ltr'><strong>cura</strong></span> <span class='ocrx_word' id='word_1_189' title='bbox 249 2048 358 2100; x_wconf 83' lang='lat' dir='ltr'><strong>diversa</strong></span> <span class='ocrx_word' id='word_1_190' title='bbox 368 2051 535 2112; x_wconf 82' lang='lat' dir='ltr'><strong>sciscitandi,</strong></span> <span class='ocrx_word' id='word_1_191' title='bbox 545 2066 596 2101; x_wconf 86' lang='lat' dir='ltr'><strong>sua</strong></span> <span class='ocrx_word' id='word_1_192' title='bbox 606 2066 662 2103; x_wconf 93' lang='lat' dir='ltr'><strong>non</strong></span> <span class='ocrx_word' id='word_1_193' title='bbox 673 2048 860 2102; x_wconf 78' lang='lat' dir='ltr'><strong>occultabant</strong></span> <span class='ocrx_word' id='word_1_194' title='bbox 888 2048 986 2111; x_wconf 75' lang='lat' dir='ltr'><strong>Quieti</strong></span> 
     </span>
     <span class='ocr_line' id='line_1_29' title="bbox 120 2116 985 2185; baseline -0.002 -17"><span class='ocrx_word' id='word_1_195' title='bbox 120 2152 123 2157; x_wconf 83' lang='lat'><em>-</em></span> <span class='ocrx_word' id='word_1_196' title='bbox 168 2117 328 2185; x_wconf 89' lang='lat' dir='ltr'><strong>intentique</strong></span> <span class='ocrx_word' id='word_1_197' title='bbox 337 2118 455 2170; x_wconf 82' lang='lat' dir='ltr'><strong>Caecina</strong></span> <span class='ocrx_word' id='word_1_198' title='bbox 465 2134 498 2169; x_wconf 87' lang='lat' dir='ltr'><strong>ac</strong></span> <span class='ocrx_word' id='word_1_199' title='bbox 508 2119 628 2183; x_wconf 87' lang='lat' dir='ltr'><strong>Valens,</strong></span> <span class='ocrx_word' id='word_1_200' title='bbox 654 2119 766 2185; x_wconf 87' lang='lat' dir='ltr'><strong>quando</strong></span> <span class='ocrx_word' id='word_1_201' title='bbox 781 2116 985 2182; x_wconf 85' lang='lat' dir='ltr'><strong>hostisimpru-</strong></span> 
     </span>
     <span class='ocr_line' id='line_1_30' title="bbox 170 2185 984 2256; baseline -0.004 -18"><span class='ocrx_word' id='word_1_202' title='bbox 170 2186 265 2240; x_wconf 83' lang='lat' dir='ltr'><strong>dantia</strong></span> <span class='ocrx_word' id='word_1_203' title='bbox 275 2192 379 2250; x_wconf 86' lang='lat' dir='ltr'><strong>rueret,</strong></span> <span class='ocrx_word' id='word_1_204' title='bbox 399 2188 473 2255; x_wconf 88' lang='lat' dir='ltr'><strong>quod</strong></span> <span class='ocrx_word' id='word_1_205' title='bbox 483 2186 546 2239; x_wconf 87' lang='lat' dir='ltr'><strong>loeo</strong></span> <span class='ocrx_word' id='word_1_206' title='bbox 557 2190 713 2256; x_wconf 79' lang='lat' dir='ltr'><strong>sapientiae</strong></span> <span class='ocrx_word' id='word_1_207' title='bbox 723 2191 774 2251; x_wconf 85' lang='lat' dir='ltr'><strong>est,</strong></span> <span class='ocrx_word' id='word_1_208' title='bbox 784 2187 906 2238; x_wconf 89' lang='lat' dir='ltr'><strong>alienam</strong></span> <span class='ocrx_word' id='word_1_209' title='bbox 916 2185 984 2236; x_wconf 90' lang='lat' dir='ltr'><strong>stul-</strong></span> 
     </span>
     <span class='ocr_line' id='line_1_31' title="bbox 167 2253 982 2324; baseline -0.002 -18"><span class='ocrx_word' id='word_1_210' title='bbox 167 2256 260 2309; x_wconf 87' lang='lat' dir='ltr'><strong>titiam</strong></span> <span class='ocrx_word' id='word_1_211' title='bbox 272 2258 496 2323; x_wconf 86' lang='lat' dir='ltr'><strong>opperiebantur,</strong></span> <span class='ocrx_word' id='word_1_212' title='bbox 514 2256 647 2310; x_wconf 86' lang='lat' dir='ltr'><strong>inchoato</strong></span> <span class='ocrx_word' id='word_1_213' title='bbox 657 2263 745 2324; x_wconf 84' lang='lat' dir='ltr'><strong>ponte</strong></span> <span class='ocrx_word' id='word_1_214' title='bbox 754 2257 904 2309; x_wconf 80' lang='lat' dir='ltr'><strong>transitum</strong></span> <span class='ocrx_word' id='word_1_215' title='bbox 915 2253 982 2306; x_wconf 86' lang='lat' dir='ltr'><strong>Padi</strong></span> 
     </span>
     <span class='ocr_line' id='line_1_32' title="bbox 168 2326 982 2395; baseline -0.001 -20"><span class='ocrx_word' id='word_1_216' title='bbox 168 2326 341 2394; x_wconf 78' lang='lat' dir='ltr'><strong>simulantes,</strong></span> <span class='ocrx_word' id='word_1_217' title='bbox 351 2326 483 2379; x_wconf 80' lang='lat' dir='ltr'><strong>adversus</strong></span> <span class='ocrx_word' id='word_1_218' title='bbox 492 2329 651 2394; x_wconf 85' lang='lat' dir='ltr'><strong>oppositam</strong></span> <span class='ocrx_word' id='word_1_219' title='bbox 662 2327 851 2395; x_wconf 83' lang='lat' dir='ltr'><strong>gladiatorum</strong></span> <span class='ocrx_word' id='word_1_220' title='bbox 860 2340 982 2386; x_wconf 84' lang='lat' dir='ltr'><strong>manum,</strong></span> 
     </span>
    </p>

    <p class='ocr_par' dir='ltr' id='par_1_7' title="bbox 170 2393 980 2461">
     <span class='ocr_line' id='line_1_33' title="bbox 170 2393 980 2461; baseline 0 -16"><span class='ocrx_word' id='word_1_221' title='bbox 170 2402 204 2445; x_wconf 82' lang='lat' dir='ltr'><strong>ac</strong></span> <span class='ocrx_word' id='word_1_222' title='bbox 223 2410 258 2447; x_wconf 90' lang='lat' dir='ltr'><strong>ne</strong></span> <span class='ocrx_word' id='word_1_223' title='bbox 272 2398 396 2461; x_wconf 83' lang='lat' dir='ltr'><strong>ipsorum</strong></span> <span class='ocrx_word' id='word_1_224' title='bbox 414 2396 496 2447; x_wconf 90' lang='lat' dir='ltr'><strong>miles</strong></span> <span class='ocrx_word' id='word_1_225' title='bbox 517 2411 602 2461; x_wconf 83' lang='lat' dir='ltr'><strong>segne</strong></span> <span class='ocrx_word' id='word_1_226' title='bbox 621 2398 710 2448; x_wconf 89' lang='lat' dir='ltr'><strong>otium</strong></span> <span class='ocrx_word' id='word_1_227' title='bbox 729 2400 845 2447; x_wconf 85' lang='lat' dir='ltr'><strong>tereret.</strong></span> <span class='ocrx_word' id='word_1_228' title='bbox 880 2393 980 2455; x_wconf 79' lang='lat' dir='ltr'><strong>Nares,</strong></span> 
     </span>
    </p>

    <p class='ocr_par' dir='ltr' id='par_1_8' title="bbox 110 2464 981 2599">
     <span class='ocr_line' id='line_1_34' title="bbox 110 2464 980 2533; baseline 0 -19"><span class='ocrx_word' id='word_1_229' title='bbox 110 2508 127 2522; x_wconf 62' lang='lat'><em>„</em></span> <span class='ocrx_word' id='word_1_230' title='bbox 170 2464 233 2529; x_wconf 83' lang='lat' dir='ltr'><strong>pari</strong></span> <span class='ocrx_word' id='word_1_231' title='bbox 244 2464 319 2515; x_wconf 89' lang='lat' dir='ltr'><strong>inter</strong></span> <span class='ocrx_word' id='word_1_232' title='bbox 329 2466 467 2531; x_wconf 75' lang='lat' dir='ltr'><strong>raspatio,</strong></span> <span class='ocrx_word' id='word_1_233' title='bbox 483 2464 735 2533; x_wconf 60' lang='lat' dir='ltr'><strong>pedetentimque</strong></span> <span class='ocrx_word' id='word_1_234' title='bbox 745 2464 874 2516; x_wconf 87' lang='lat' dir='ltr'><strong>trabibus</strong></span> <span class='ocrx_word' id='word_1_235' title='bbox 884 2476 980 2515; x_wconf 82' lang='lat' dir='ltr'><strong>eonne-</strong></span> 
     </span>
     <span class='ocr_line' id='line_1_35' title="bbox 170 2528 981 2599; baseline -0.001 -16"><span class='ocrx_word' id='word_1_236' title='bbox 170 2546 233 2594; x_wconf 81' lang='lat' dir='ltr'><strong>xae,</strong></span> <span class='ocrx_word' id='word_1_237' title='bbox 244 2532 391 2585; x_wconf 82' lang='lat' dir='ltr'><strong>adversum</strong></span> <span class='ocrx_word' id='word_1_238' title='bbox 409 2534 439 2583; x_wconf 91' lang='lat' dir='ltr'><strong>in</strong></span> <span class='ocrx_word' id='word_1_239' title='bbox 458 2528 564 2583; x_wconf 82' lang='lat' dir='ltr'><strong>ssumen</strong></span> <span class='ocrx_word' id='word_1_240' title='bbox 578 2533 780 2599; x_wconf 78' lang='lat' dir='ltr'><strong>dirigebantur,</strong></span> <span class='ocrx_word' id='word_1_241' title='bbox 800 2533 885 2585; x_wconf 85' lang='lat' dir='ltr'><strong>iactis</strong></span> <span class='ocrx_word' id='word_1_242' title='bbox 899 2546 981 2599; x_wconf 85' lang='lat' dir='ltr'><strong>super</strong></span> 
     </span>
    </p>

    <p class='ocr_par' dir='ltr' id='par_1_9' title="bbox 92 2598 980 2738">
     <span class='ocr_line' id='line_1_36' title="bbox 92 2598 980 2671; baseline 0.003 -21"><span class='ocrx_word' id='word_1_243' title='bbox 92 2646 101 2665; x_wconf 56' lang='lat'>„</span> <span class='ocrx_word' id='word_1_244' title='bbox 138 2598 158 2651; x_wconf 52' lang='grc' dir='ltr'><em>Χ</em></span> <span class='ocrx_word' id='word_1_245' title='bbox 170 2602 296 2671; x_wconf 73' lang='lat' dir='ltr'><strong>ancoris,</strong></span> <span class='ocrx_word' id='word_1_246' title='bbox 311 2616 383 2668; x_wconf 87' lang='lat' dir='ltr'><strong>quae</strong></span> <span class='ocrx_word' id='word_1_247' title='bbox 402 2602 563 2652; x_wconf 84' lang='lat' dir='ltr'><strong>firmitatem</strong></span> <span class='ocrx_word' id='word_1_248' title='bbox 588 2603 680 2665; x_wconf 87' lang='lat' dir='ltr'><strong>pontis</strong></span> <span class='ocrx_word' id='word_1_249' title='bbox 700 2604 888 2654; x_wconf 79' lang='lat' dir='ltr'><strong>coritinerent</strong></span> <span class='ocrx_word' id='word_1_250' title='bbox 927 2600 980 2653; x_wconf 83' lang='lat' dir='ltr'><strong>Sed</strong></span> 
     </span>
     <span class='ocr_line' id='line_1_37' title="bbox 171 2668 980 2738; baseline 0.002 -19"><span class='ocrx_word' id='word_1_251' title='bbox 171 2682 339 2723; x_wconf 85' lang='lat' dir='ltr'><strong>ancorarum</strong></span> <span class='ocrx_word' id='word_1_252' title='bbox 349 2669 431 2723; x_wconf 78' lang='lat' dir='ltr'><strong>funes</strong></span> <span class='ocrx_word' id='word_1_253' title='bbox 440 2684 496 2721; x_wconf 89' lang='lat' dir='ltr'><strong>non</strong></span> <span class='ocrx_word' id='word_1_254' title='bbox 506 2670 612 2719; x_wconf 87' lang='lat' dir='ltr'><strong>extenti</strong></span> <span class='ocrx_word' id='word_1_255' title='bbox 623 2668 980 2738; x_wconf 64' lang='lat' dir='ltr'><strong>lluitabantmtaugescen-</strong></span> 
     </span>
    </p>
   </div>
   <div class='ocr_carea' id='block_1_5' title="bbox 0 0 1022 3025">
    <p class='ocr_par' dir='ltr' id='par_1_10' title="bbox 0 0 1022 3025">
     <span class='ocr_line' id='line_1_38' title="bbox 0 0 1022 3025; baseline 0 2"><span class='ocrx_word' id='word_1_256' title='bbox 0 0 1022 3025; x_wconf 95' lang='lat' dir='ltr'><strong> </strong></span> 
     </span>
    </p>
   </div>
  </div>
 </body>
</html>
