<?xml version="1.0" encoding="UTF-8"?>
<!DOCTYPE html PUBLIC "-//W3C//DTD XHTML 1.0 Transitional//EN"
    "http://www.w3.org/TR/xhtml1/DTD/xhtml1-transitional.dtd">
<html xmlns="http://www.w3.org/1999/xhtml" xml:lang="en" lang="en">
 <head>
  <title>
</title>
<meta http-equiv="Content-Type" content="text/html;charset=utf-8" />
  <meta name='ocr-system' content='tesseract 3.04.00' />
  <meta name='ocr-capabilities' content='ocr_page ocr_carea ocr_par ocr_line ocrx_word'/>
</head>
<body>
  <div class='ocr_page' id='page_1' title='image "./ccorneliitaciti00socigoog/ccorneliitaciti00socigoog_0226.png"; bbox 0 0 2034 3025; ppageno 0'>
   <div class='ocr_carea' id='block_1_1' title="bbox 91 123 875 200">
    <p class='ocr_par' dir='ltr' id='par_1_1' title="bbox 91 123 875 200">
     <span class='ocr_line' id='line_1_1' title="bbox 91 123 875 200; baseline -0.003 -14"><span class='ocrx_word' id='word_1_1' title='bbox 91 129 173 186; x_wconf 80' lang='lat' dir='ltr'>LIB.</span> <span class='ocrx_word' id='word_1_2' title='bbox 186 127 239 184; x_wconf 82' lang='lat' dir='ltr'>vl.</span> <span class='ocrx_word' id='word_1_3' title='bbox 257 125 344 180; x_wconf 79' lang='lat' dir='ltr'>GAP.</span> <span class='ocrx_word' id='word_1_4' title='bbox 355 123 467 180; x_wconf 78' lang='lat'><strong>31—33.</strong></span> <span class='ocrx_word' id='word_1_5' title='bbox 489 127 534 194; x_wconf 84' lang='lat' dir='ltr'>[A.</span> <span class='ocrx_word' id='word_1_6' title='bbox 543 129 576 180; x_wconf 85' lang='lat' dir='ltr'>V.</span> <span class='ocrx_word' id='word_1_7' title='bbox 587 131 644 197; x_wconf 84' lang='lat'><strong>788.</strong></span> <span class='ocrx_word' id='word_1_8' title='bbox 663 130 696 181; x_wconf 76' lang='lat' dir='ltr'>A.</span> <span class='ocrx_word' id='word_1_9' title='bbox 707 129 737 182; x_wconf 83' lang='lat' dir='ltr'>C.</span> <span class='ocrx_word' id='word_1_10' title='bbox 748 129 805 200; x_wconf 63' lang='lat'>35]</span> <span class='ocrx_word' id='word_1_11' title='bbox 820 127 875 184; x_wconf 73' lang='lat'>200</span> 
     </span>
    </p>
   </div>
   <div class='ocr_carea' id='block_1_2' title="bbox 62 219 885 376">
    <p class='ocr_par' dir='ltr' id='par_1_2' title="bbox 62 219 885 376">
     <span class='ocr_line' id='line_1_2' title="bbox 64 219 885 302; baseline -0.01 -14"><span class='ocrx_word' id='word_1_12' title='bbox 64 237 138 298; x_wconf 66' lang='lat' dir='ltr'>cirine</span> <span class='ocrx_word' id='word_1_13' title='bbox 149 219 264 287; x_wconf 74' lang='lat' dir='ltr'>&#39;tontum</span> <span class='ocrx_word' id='word_1_14' title='bbox 272 243 303 302; x_wconf 72' lang='lat' dir='ltr'>et</span> <span class='ocrx_word' id='word_1_15' title='bbox 312 221 424 286; x_wconf 73' lang='lat' dir='ltr'>auclore</span> <span class='ocrx_word' id='word_1_16' title='bbox 440 249 513 300; x_wconf 75' lang='lat' dir='ltr'>opus,</span> <span class='ocrx_word' id='word_1_17' title='bbox 533 241 671 301; x_wconf 65' lang='lat' dir='ltr'>utrponte</span> <span class='ocrx_word' id='word_1_18' title='bbox 685 233 822 299; x_wconf 79' lang='lat' dir='ltr'>Caesaris,</span> <span class='ocrx_word' id='word_1_19' title='bbox 841 245 885 290; x_wconf 71' lang='lat' dir='ltr'>er.</span> 
     </span>
     <span class='ocr_line' id='line_1_3' title="bbox 62 299 814 376; baseline -0.007 -18"><span class='ocrx_word' id='word_1_20' title='bbox 62 303 153 376; x_wconf 77' lang='lat' dir='ltr'>genos</span> <span class='ocrx_word' id='word_1_21' title='bbox 164 299 285 364; x_wconf 76' lang='lat' dir='ltr'>Arsacis,</span> <span class='ocrx_word' id='word_1_22' title='bbox 300 301 390 369; x_wconf 78' lang='lat' dir='ltr'>ripam</span> <span class='ocrx_word' id='word_1_23' title='bbox 400 303 474 370; x_wconf 83' lang='lat' dir='ltr'>opud</span> <span class='ocrx_word' id='word_1_24' title='bbox 483 301 638 369; x_wconf 74' lang='lat' dir='ltr'>Euphratis</span> <span class='ocrx_word' id='word_1_25' title='bbox 646 313 814 358; x_wconf 76' lang='lat' dir='ltr'>ceramtur.</span> 
     </span>
    </p>
   </div>
   <div class='ocr_carea' id='block_1_3' title="bbox 126 371 955 438">
    <p class='ocr_par' dir='ltr' id='par_1_3' title="bbox 126 371 955 438">
     <span class='ocr_line' id='line_1_4' title="bbox 126 371 955 438; baseline 0.004 -14"><span class='ocrx_word' id='word_1_26' title='bbox 126 372 244 425; x_wconf 82' lang='lat' dir='ltr'>xxxll.</span> <span class='ocrx_word' id='word_1_27' title='bbox 264 373 391 438; x_wconf 87' lang='lat' dir='ltr'>Cupitum</span> <span class='ocrx_word' id='word_1_28' title='bbox 407 371 436 422; x_wconf 93' lang='lat' dir='ltr'>id</span> <span class='ocrx_word' id='word_1_29' title='bbox 453 371 577 424; x_wconf 90' lang='lat' dir='ltr'>Tiberio.</span> <span class='ocrx_word' id='word_1_30' title='bbox 605 378 688 424; x_wconf 84' lang='lat' dir='ltr'>ornat</span> <span class='ocrx_word' id='word_1_31' title='bbox 708 371 875 438; x_wconf 79' lang='lat' dir='ltr'>P-hrahaten,</span> <span class='ocrx_word' id='word_1_32' title='bbox 951 411 955 415; x_wconf 80' lang='lat'><strong>.</strong></span> 
     </span>
    </p>
   </div>
   <div class='ocr_carea' id='block_1_4' title="bbox 48 440 878 1889">
    <p class='ocr_par' dir='ltr' id='par_1_4' title="bbox 48 440 878 1889">
     <span class='ocr_line' id='line_1_5' title="bbox 63 440 876 510; baseline -0.007 -12"><span class='ocrx_word' id='word_1_33' title='bbox 63 443 241 510; x_wconf 77' lang='lat' dir='ltr'>accingitque</span> <span class='ocrx_word' id='word_1_34' title='bbox 261 447 407 506; x_wconf 88' lang='lat' dir='ltr'>paternum</span> <span class='ocrx_word' id='word_1_35' title='bbox 422 441 457 492; x_wconf 89' lang='lat' dir='ltr'>ad</span> <span class='ocrx_word' id='word_1_36' title='bbox 475 440 630 510; x_wconf 77' lang='lat' dir='ltr'><strong>fastigium:</strong></span> <span class='ocrx_word' id='word_1_37' title='bbox 650 441 791 503; x_wconf 79' lang='lat' dir='ltr'>destinata</span> <span class='ocrx_word' id='word_1_38' title='bbox 810 445 876 494; x_wconf 88' lang='lat' dir='ltr'>reti·</span> 
     </span>
     <span class='ocr_line' id='line_1_6' title="bbox 63 510 876 576; baseline -0.005 -11"><span class='ocrx_word' id='word_1_39' title='bbox 63 527 146 574; x_wconf 87' lang='lat' dir='ltr'>nens,</span> <span class='ocrx_word' id='word_1_40' title='bbox 162 510 284 562; x_wconf 81' lang='lat' dir='ltr'>consiliis</span> <span class='ocrx_word' id='word_1_41' title='bbox 296 513 325 560; x_wconf 89' lang='lat' dir='ltr'>et</span> <span class='ocrx_word' id='word_1_42' title='bbox 334 516 397 566; x_wconf 83' lang='lat' dir='ltr'>astu</span> <span class='ocrx_word' id='word_1_43' title='bbox 407 525 454 562; x_wconf 86' lang='lat' dir='ltr'>res</span> <span class='ocrx_word' id='word_1_44' title='bbox 463 516 595 563; x_wconf 83' lang='lat' dir='ltr'>externas</span> <span class='ocrx_word' id='word_1_45' title='bbox 604 511 708 574; x_wconf 89' lang='lat' dir='ltr'>moliri,</span> <span class='ocrx_word' id='word_1_46' title='bbox 723 525 803 562; x_wconf 85' lang='lat' dir='ltr'>arma</span> <span class='ocrx_word' id='word_1_47' title='bbox 812 525 876 576; x_wconf 88' lang='lat' dir='ltr'>pro·</span> 
     </span>
     <span class='ocr_line' id='line_1_7' title="bbox 64 579 876 647; baseline -0.002 -15"><span class='ocrx_word' id='word_1_48' title='bbox 64 581 113 645; x_wconf 75' lang='lat' dir='ltr'>mil</span> <span class='ocrx_word' id='word_1_49' title='bbox 133 579 246 632; x_wconf 83' lang='lat' dir='ltr'>habere.</span> <span class='ocrx_word' id='word_1_50' title='bbox 292 579 420 643; x_wconf 77' lang='lat' dir='ltr'>Interea,</span> <span class='ocrx_word' id='word_1_51' title='bbox 440 581 558 647; x_wconf 89' lang='lat' dir='ltr'>cognitis</span> <span class='ocrx_word' id='word_1_52' title='bbox 577 579 700 644; x_wconf 85' lang='lat' dir='ltr'>insidiis,</span> <span class='ocrx_word' id='word_1_53' title='bbox 717 581 876 633; x_wconf 78' lang='lat' dir='ltr'>Artabanus</span> 
     </span>
     <span class='ocr_line' id='line_1_8' title="bbox 63 645 875 716; baseline -0.001 -14"><span class='ocrx_word' id='word_1_54' title='bbox 63 650 278 712; x_wconf 71' lang='lat' dir='ltr'>taruennam,</span> <span class='ocrx_word' id='word_1_55' title='bbox 299 645 382 700; x_wconf 88' lang='lat' dir='ltr'>modo</span> <span class='ocrx_word' id='word_1_56' title='bbox 400 649 528 716; x_wconf 88' lang='lat' dir='ltr'>cupidine</span> <span class='ocrx_word' id='word_1_57' title='bbox 539 651 678 702; x_wconf 82' lang='lat' dir='ltr'>vindictae</span> <span class='ocrx_word' id='word_1_58' title='bbox 688 649 875 702; x_wconf 72' lang='lat' dir='ltr'>inardescere.</span> 
     </span>
     <span class='ocr_line' id='line_1_9' title="bbox 59 718 877 787; baseline -0.005 -13"><span class='ocrx_word' id='word_1_59' title='bbox 59 727 95 774; x_wconf 81' lang='lat' dir='ltr'>&#39;et</span> <span class='ocrx_word' id='word_1_60' title='bbox 110 719 240 770; x_wconf 84' lang='lat' dir='ltr'>barbaris</span> <span class='ocrx_word' id='word_1_61' title='bbox 258 718 534 781; x_wconf 82' lang='lat' dir='ltr'>cunctatio,servilis:</span> <span class='ocrx_word' id='word_1_62' title='bbox 560 722 656 772; x_wconf 80' lang='lat' dir='ltr'>statim</span> <span class='ocrx_word' id='word_1_63' title='bbox 676 721 806 787; x_wconf 83' lang='lat' dir='ltr'>exsequi,</span> <span class='ocrx_word' id='word_1_64' title='bbox 825 718 877 772; x_wconf 83' lang='lat' dir='ltr'>lle·</span> 
     </span>
     <span class='ocr_line' id='line_1_10' title="bbox 64 787 877 860; baseline -0.002 -19"><span class='ocrx_word' id='word_1_65' title='bbox 64 791 143 860; x_wconf 84' lang='lat' dir='ltr'>glum</span> <span class='ocrx_word' id='word_1_66' title='bbox 153 787 276 844; x_wconf 85' lang='lat' dir='ltr'>videtur.</span> <span class='ocrx_word' id='word_1_67' title='bbox 307 787 507 841; x_wconf 87' lang='lat' dir='ltr'>Valuittamcn</span> <span class='ocrx_word' id='word_1_68' title='bbox 519 788 636 853; x_wconf 83' lang='lat' dir='ltr'>utilitas,</span> <span class='ocrx_word' id='word_1_69' title='bbox 646 789 805 850; x_wconf 77' lang='lat' dir='ltr'>utdbduai,</span> <span class='ocrx_word' id='word_1_70' title='bbox 815 803 877 854; x_wconf 88' lang='lat' dir='ltr'>spe·</span> 
     </span>
     <span class='ocr_line' id='line_1_11' title="bbox 65 857 876 924; baseline -0.004 -14"><span class='ocrx_word' id='word_1_71' title='bbox 65 862 109 911; x_wconf 89' lang='lat' dir='ltr'>cie</span> <span class='ocrx_word' id='word_1_72' title='bbox 120 859 261 908; x_wconf 79' lang='lat' dir='ltr'>amicitiae</span> <span class='ocrx_word' id='word_1_73' title='bbox 272 862 399 908; x_wconf 85' lang='lat' dir='ltr'>vocatum</span> <span class='ocrx_word' id='word_1_74' title='bbox 412 858 448 909; x_wconf 90' lang='lat' dir='ltr'>ad</span> <span class='ocrx_word' id='word_1_75' title='bbox 465 857 576 924; x_wconf 88' lang='lat' dir='ltr'>epulas,</span> <span class='ocrx_word' id='word_1_76' title='bbox 596 857 675 909; x_wconf 90' lang='lat' dir='ltr'>lento</span> <span class='ocrx_word' id='word_1_77' title='bbox 689 873 797 910; x_wconf 80' lang='lat' dir='ltr'>veneno</span> <span class='ocrx_word' id='word_1_78' title='bbox 813 858 876 922; x_wconf 73' lang='lat' dir='ltr'>iali5</span> 
     </span>
     <span class='ocr_line' id='line_1_12' title="bbox 65 925 877 997; baseline -0.002 -19"><span class='ocrx_word' id='word_1_79' title='bbox 65 932 162 997; x_wconf 82' lang='lat' dir='ltr'>garet;</span> <span class='ocrx_word' id='word_1_80' title='bbox 181 925 317 978; x_wconf 80' lang='lat' dir='ltr'>Sinnacen</span> <span class='ocrx_word' id='word_1_81' title='bbox 334 927 557 980; x_wconf 81' lang='lat' dir='ltr'>dissimulatione</span> <span class='ocrx_word' id='word_1_82' title='bbox 572 941 605 977; x_wconf 88' lang='lat' dir='ltr'>ac</span> <span class='ocrx_word' id='word_1_83' title='bbox 620 927 709 990; x_wconf 86' lang='lat' dir='ltr'>donis,</span> <span class='ocrx_word' id='word_1_84' title='bbox 728 927 810 992; x_wconf 78' lang='lat' dir='ltr'>simul</span> <span class='ocrx_word' id='word_1_85' title='bbox 825 941 877 997; x_wconf 91' lang='lat' dir='ltr'>per</span> 
     </span>
     <span class='ocr_line' id='line_1_13' title="bbox 65 993 876 1065; baseline -0.005 -17"><span class='ocrx_word' id='word_1_86' title='bbox 65 997 195 1065; x_wconf 77' lang='lat' dir='ltr'>negotia,</span> <span class='ocrx_word' id='word_1_87' title='bbox 219 1001 396 1054; x_wconf 59' lang='lat' dir='ltr'>moraretur„</span> <span class='ocrx_word' id='word_1_88' title='bbox 426 995 465 1048; x_wconf 84' lang='lat' dir='ltr'>Et</span> <span class='ocrx_word' id='word_1_89' title='bbox 483 993 637 1046; x_wconf 83' lang='lat' dir='ltr'>Phrahatas</span> <span class='ocrx_word' id='word_1_90' title='bbox 661 995 736 1062; x_wconf 89' lang='lat' dir='ltr'>apud</span> <span class='ocrx_word' id='word_1_91' title='bbox 755 993 876 1061; x_wconf 81' lang='lat' dir='ltr'>Syriam,</span> 
     </span>
     <span class='ocr_line' id='line_1_14' title="bbox 67 1064 878 1129; baseline -0.002 -13"><span class='ocrx_word' id='word_1_92' title='bbox 67 1067 145 1128; x_wconf 59' lang='lat' dir='ltr'>duni,</span> <span class='ocrx_word' id='word_1_93' title='bbox 165 1067 264 1116; x_wconf 86' lang='lat' dir='ltr'>omisso</span> <span class='ocrx_word' id='word_1_94' title='bbox 275 1064 351 1120; x_wconf 84' lang='lat' dir='ltr'>cultu</span> <span class='ocrx_word' id='word_1_95' title='bbox 360 1064 501 1127; x_wconf 83' lang='lat' dir='ltr'>Romano,</span> <span class='ocrx_word' id='word_1_96' title='bbox 522 1065 568 1114; x_wconf 90' lang='lat' dir='ltr'>cui</span> <span class='ocrx_word' id='word_1_97' title='bbox 576 1079 627 1129; x_wconf 84' lang='lat' dir='ltr'>per</span> <span class='ocrx_word' id='word_1_98' title='bbox 635 1068 776 1114; x_wconf 84' lang='lat' dir='ltr'>totannos</span> <span class='ocrx_word' id='word_1_99' title='bbox 786 1065 878 1114; x_wconf 79' lang='lat' dir='ltr'>innue-</span> 
     </span>
     <span class='ocr_line' id='line_1_15' title="bbox 66 1131 876 1198; baseline -0.002 -14"><span class='ocrx_word' id='word_1_100' title='bbox 66 1139 157 1198; x_wconf 72' lang='lat' dir='ltr'>cerat,</span> <span class='ocrx_word' id='word_1_101' title='bbox 176 1135 306 1188; x_wconf 82' lang='lat' dir='ltr'>instituta</span> <span class='ocrx_word' id='word_1_102' title='bbox 315 1131 483 1188; x_wconf 85' lang='lat' dir='ltr'>Parthorum</span> <span class='ocrx_word' id='word_1_103' title='bbox 494 1135 617 1194; x_wconf 85' lang='lat' dir='ltr'>insumit,</span> <span class='ocrx_word' id='word_1_104' title='bbox 636 1134 736 1198; x_wconf 83' lang='lat' dir='ltr'>patriis</span> <span class='ocrx_word' id='word_1_105' title='bbox 751 1134 876 1184; x_wconf 84' lang='lat' dir='ltr'>moribus</span> 
     </span>
     <span class='ocr_line' id='line_1_16' title="bbox 67 1201 878 1270; baseline -0.007 -15"><span class='ocrx_word' id='word_1_106' title='bbox 67 1208 160 1270; x_wconf 82' lang='lat' dir='ltr'>inpar,</span> <span class='ocrx_word' id='word_1_107' title='bbox 171 1201 268 1254; x_wconf 84' lang='lat' dir='ltr'>morbo</span> <span class='ocrx_word' id='word_1_108' title='bbox 280 1201 443 1267; x_wconf 81' lang='lat' dir='ltr'>absumptus</span> <span class='ocrx_word' id='word_1_109' title='bbox 455 1206 505 1252; x_wconf 83' lang='lat' dir='ltr'>cst.</span> <span class='ocrx_word' id='word_1_110' title='bbox 537 1201 658 1252; x_wconf 81' lang='lat' dir='ltr'>sednon</span> <span class='ocrx_word' id='word_1_111' title='bbox 669 1203 799 1252; x_wconf 86' lang='lat' dir='ltr'>Tiberius</span> <span class='ocrx_word' id='word_1_112' title='bbox 810 1201 878 1251; x_wconf 90' lang='lat' dir='ltr'>omi·</span> 
     </span>
     <span class='ocr_line' id='line_1_17' title="bbox 69 1264 876 1338; baseline -0.005 -14"><span class='ocrx_word' id='word_1_113' title='bbox 69 1275 107 1324; x_wconf 86' lang='lat' dir='ltr'>sit</span> <span class='ocrx_word' id='word_1_114' title='bbox 116 1274 235 1336; x_wconf 87' lang='lat' dir='ltr'>incepta.</span> <span class='ocrx_word' id='word_1_115' title='bbox 265 1269 422 1333; x_wconf 83' lang='lat' dir='ltr'>Tiridaten,</span> <span class='ocrx_word' id='word_1_116' title='bbox 437 1271 580 1338; x_wconf 84' lang='lat' dir='ltr'>sanguinis</span> <span class='ocrx_word' id='word_1_117' title='bbox 591 1264 724 1334; x_wconf 85' lang='lat' dir='ltr'>eiusdem,</span> <span class='ocrx_word' id='word_1_118' title='bbox 735 1270 876 1324; x_wconf 86' lang='lat' dir='ltr'>aemulum</span> 
     </span>
     <span class='ocr_line' id='line_1_18' title="bbox 70 1338 878 1407; baseline -0.006 -13"><span class='ocrx_word' id='word_1_119' title='bbox 70 1340 221 1402; x_wconf 77' lang='lat' dir='ltr'>Artabano,</span> <span class='ocrx_word' id='word_1_120' title='bbox 231 1340 638 1407; x_wconf 79' lang='lat' dir='ltr'>reciperandaequehrnreniae</span> <span class='ocrx_word' id='word_1_121' title='bbox 648 1338 878 1392; x_wconf 85' lang='lat' dir='ltr'>lberumlllithri·</span> 
     </span>
     <span class='ocr_line' id='line_1_19' title="bbox 48 1407 878 1477; baseline -0.01 -13"><span class='ocrx_word' id='word_1_122' title='bbox 48 1458 52 1464; x_wconf 94' lang='lat'>.</span> <span class='ocrx_word' id='word_1_123' title='bbox 70 1411 156 1464; x_wconf 81' lang='lat' dir='ltr'>datan</span> <span class='ocrx_word' id='word_1_124' title='bbox 176 1408 286 1477; x_wconf 85' lang='lat' dir='ltr'>deligit,</span> <span class='ocrx_word' id='word_1_125' title='bbox 308 1409 493 1476; x_wconf 79' lang='lat' dir='ltr'>conciliatque</span> <span class='ocrx_word' id='word_1_126' title='bbox 514 1407 594 1460; x_wconf 77' lang='lat' dir='ltr'>fratri</span> <span class='ocrx_word' id='word_1_127' title='bbox 612 1407 808 1469; x_wconf 83' lang='lat' dir='ltr'>Pharasmani,</span> <span class='ocrx_word' id='word_1_128' title='bbox 829 1409 878 1473; x_wconf 89' lang='lat' dir='ltr'>qui</span> 
     </span>
     <span class='ocr_line' id='line_1_20' title="bbox 68 1475 878 1551; baseline -0.01 -17"><span class='ocrx_word' id='word_1_129' title='bbox 68 1479 175 1551; x_wconf 84' lang='lat' dir='ltr'>gentile</span> <span class='ocrx_word' id='word_1_130' title='bbox 190 1481 336 1546; x_wconf 87' lang='lat' dir='ltr'>imperium</span> <span class='ocrx_word' id='word_1_131' title='bbox 354 1479 521 1536; x_wconf 63' lang='lat' dir='ltr'>obtinebatz,</span> <span class='ocrx_word' id='word_1_132' title='bbox 532 1482 561 1528; x_wconf 87' lang='lat' dir='ltr'>et</span> <span class='ocrx_word' id='word_1_133' title='bbox 581 1479 696 1540; x_wconf 83' lang='lat' dir='ltr'>eunctis,</span> <span class='ocrx_word' id='word_1_134' title='bbox 717 1492 788 1543; x_wconf 89' lang='lat' dir='ltr'>quac</span> <span class='ocrx_word' id='word_1_135' title='bbox 803 1475 878 1543; x_wconf 90' lang='lat' dir='ltr'>apud</span> 
     </span>
     <span class='ocr_line' id='line_1_21' title="bbox 68 1544 878 1616; baseline -0.01 -13"><span class='ocrx_word' id='word_1_136' title='bbox 68 1554 214 1604; x_wconf 84' lang='lat' dir='ltr'>Orientem</span> <span class='ocrx_word' id='word_1_137' title='bbox 229 1550 413 1616; x_wconf 88' lang='lat' dir='ltr'>parabantur,</span> <span class='ocrx_word' id='word_1_138' title='bbox 432 1548 463 1599; x_wconf 75' lang='lat' dir='ltr'>L</span> <span class='ocrx_word' id='word_1_139' title='bbox 475 1546 620 1599; x_wconf 89' lang='lat' dir='ltr'>Vitellium</span> <span class='ocrx_word' id='word_1_140' title='bbox 635 1544 779 1612; x_wconf 80' lang='lat' dir='ltr'>praefecit.</span> <span class='ocrx_word' id='word_1_141' title='bbox 798 1560 832 1595; x_wconf 92' lang='lat' dir='ltr'>eo</span> <span class='ocrx_word' id='word_1_142' title='bbox 843 1544 878 1595; x_wconf 84' lang='lat' dir='ltr'>(le</span> 
     </span>
     <span class='ocr_line' id='line_1_22' title="bbox 68 1613 878 1687; baseline -0.014 -14"><span class='ocrx_word' id='word_1_143' title='bbox 68 1620 193 1682; x_wconf 81' lang='lat' dir='ltr'>hdurine,</span> <span class='ocrx_word' id='word_1_144' title='bbox 205 1618 278 1671; x_wconf 87' lang='lat' dir='ltr'>haud</span> <span class='ocrx_word' id='word_1_145' title='bbox 290 1634 350 1669; x_wconf 91' lang='lat' dir='ltr'>sum</span> <span class='ocrx_word' id='word_1_146' title='bbox 361 1620 484 1687; x_wconf 88' lang='lat' dir='ltr'>ignarus,</span> <span class='ocrx_word' id='word_1_147' title='bbox 495 1614 636 1673; x_wconf 75' lang='lat' dir='ltr'>sinistram</span> <span class='ocrx_word' id='word_1_148' title='bbox 645 1617 673 1665; x_wconf 89' lang='lat' dir='ltr'>in</span> <span class='ocrx_word' id='word_1_149' title='bbox 685 1615 753 1665; x_wconf 87' lang='lat' dir='ltr'>urbe</span> <span class='ocrx_word' id='word_1_150' title='bbox 765 1613 878 1675; x_wconf 82' lang='lat' dir='ltr'>lamam,</span> 
     </span>
     <span class='ocr_line' id='line_1_23' title="bbox 69 1684 878 1761; baseline -0.011 -20"><span class='ocrx_word' id='word_1_151' title='bbox 69 1692 205 1761; x_wconf 80' lang='lat' dir='ltr'>pleraque</span> <span class='ocrx_word' id='word_1_152' title='bbox 216 1686 299 1749; x_wconf 78' lang='lat' dir='ltr'>foeda</span> <span class='ocrx_word' id='word_1_153' title='bbox 311 1688 473 1740; x_wconf 73' lang='lat' dir='ltr'>nientorari:</span> <span class='ocrx_word' id='word_1_154' title='bbox 485 1690 618 1748; x_wconf 86' lang='lat' dir='ltr'>ceterum,</span> <span class='ocrx_word' id='word_1_155' title='bbox 629 1684 759 1751; x_wconf 87' lang='lat' dir='ltr'>regendis</span> <span class='ocrx_word' id='word_1_156' title='bbox 769 1684 878 1749; x_wconf 75' lang='lat' dir='ltr'>provin-</span> 
     </span>
     <span class='ocr_line' id='line_1_24' title="bbox 70 1751 878 1825; baseline -0.011 -13"><span class='ocrx_word' id='word_1_157' title='bbox 70 1762 121 1813; x_wconf 86' lang='lat' dir='ltr'>ciis</span> <span class='ocrx_word' id='word_1_158' title='bbox 132 1760 224 1825; x_wconf 87' lang='lat' dir='ltr'>prisca</span> <span class='ocrx_word' id='word_1_159' title='bbox 234 1760 336 1809; x_wconf 75' lang='lat' dir='ltr'>virtute</span> <span class='ocrx_word' id='word_1_160' title='bbox 348 1758 411 1825; x_wconf 85' lang='lat' dir='ltr'>egit.</span> <span class='ocrx_word' id='word_1_161' title='bbox 435 1754 517 1809; x_wconf 86' lang='lat' dir='ltr'>Vnde</span> <span class='ocrx_word' id='word_1_162' title='bbox 528 1769 680 1821; x_wconf 84' lang='lat' dir='ltr'>regressus,</span> <span class='ocrx_word' id='word_1_163' title='bbox 690 1758 719 1805; x_wconf 91' lang='lat' dir='ltr'>et</span> <span class='ocrx_word' id='word_1_164' title='bbox 729 1751 878 1803; x_wconf 84' lang='lat' dir='ltr'>sornridine</span> 
     </span>
     <span class='ocr_line' id='line_1_25' title="bbox 70 1822 878 1889; baseline -0.012 -6"><span class='ocrx_word' id='word_1_165' title='bbox 70 1832 100 1883; x_wconf 83' lang='lat' dir='ltr'>C.</span> <span class='ocrx_word' id='word_1_166' title='bbox 113 1828 251 1889; x_wconf 85' lang='lat' dir='ltr'>Caesaris,</span> <span class='ocrx_word' id='word_1_167' title='bbox 262 1826 453 1879; x_wconf 82' lang='lat' dir='ltr'>familiaritate</span> <span class='ocrx_word' id='word_1_168' title='bbox 466 1824 583 1888; x_wconf 86' lang='lat' dir='ltr'>Claudii,</span> <span class='ocrx_word' id='word_1_169' title='bbox 602 1830 685 1889; x_wconf 84' lang='lat' dir='ltr'>turpe</span> <span class='ocrx_word' id='word_1_170' title='bbox 695 1826 724 1873; x_wconf 91' lang='lat' dir='ltr'>in</span> <span class='ocrx_word' id='word_1_171' title='bbox 734 1822 878 1873; x_wconf 83' lang='lat' dir='ltr'>servitium</span> 
     </span>
    </p>
   </div>
   <div class='ocr_carea' id='block_1_5' title="bbox 70 1892 957 1963">
    <p class='ocr_par' dir='ltr' id='par_1_5' title="bbox 70 1892 957 1963">
     <span class='ocr_line' id='line_1_26' title="bbox 70 1892 957 1963; baseline -0.008 -13"><span class='ocrx_word' id='word_1_172' title='bbox 70 1902 207 1960; x_wconf 84' lang='lat' dir='ltr'>mutatus,</span> <span class='ocrx_word' id='word_1_173' title='bbox 227 1897 367 1963; x_wconf 84' lang='lat' dir='ltr'>exemplar</span> <span class='ocrx_word' id='word_1_174' title='bbox 378 1895 450 1962; x_wconf 89' lang='lat' dir='ltr'>apud</span> <span class='ocrx_word' id='word_1_175' title='bbox 462 1900 591 1961; x_wconf 88' lang='lat' dir='ltr'>posteros</span> <span class='ocrx_word' id='word_1_176' title='bbox 602 1892 751 1944; x_wconf 89' lang='lat' dir='ltr'>adulatorii</span> <span class='ocrx_word' id='word_1_177' title='bbox 760 1892 877 1943; x_wconf 90' lang='lat' dir='ltr'>dedeco·</span> <span class='ocrx_word' id='word_1_178' title='bbox 952 1936 957 1943; x_wconf 86' lang='grc'><strong>.</strong></span> 
     </span>
    </p>
   </div>
   <div class='ocr_carea' id='block_1_6' title="bbox 62 1961 892 2790">
    <p class='ocr_par' dir='ltr' id='par_1_6' title="bbox 62 1961 879 2103">
     <span class='ocr_line' id='line_1_27' title="bbox 69 1961 879 2031; baseline -0.012 -10"><span class='ocrx_word' id='word_1_179' title='bbox 69 1966 254 2021; x_wconf 82' lang='lat' dir='ltr'>rishabetur:</span> <span class='ocrx_word' id='word_1_180' title='bbox 274 1971 472 2031; x_wconf 88' lang='lat' dir='ltr'>cesseruntque</span> <span class='ocrx_word' id='word_1_181' title='bbox 485 1966 575 2031; x_wconf 89' lang='lat' dir='ltr'>prima</span> <span class='ocrx_word' id='word_1_182' title='bbox 584 1962 746 2030; x_wconf 86' lang='lat' dir='ltr'>postremis,</span> <span class='ocrx_word' id='word_1_183' title='bbox 765 1961 879 2013; x_wconf 86' lang='lat' dir='ltr'>ethona</span> 
     </span>
     <span class='ocr_line' id='line_1_28' title="bbox 62 2033 686 2103; baseline -0.011 -14"><span class='ocrx_word' id='word_1_184' title='bbox 62 2038 203 2091; x_wconf 66' lang='lat' dir='ltr'>&#39;iuventae</span> <span class='ocrx_word' id='word_1_185' title='bbox 212 2040 340 2088; x_wconf 87' lang='lat' dir='ltr'>senectus</span> <span class='ocrx_word' id='word_1_186' title='bbox 354 2034 495 2103; x_wconf 83' lang='lat' dir='ltr'>flagitiosa</span> <span class='ocrx_word' id='word_1_187' title='bbox 505 2033 686 2086; x_wconf 75' lang='lat' dir='ltr'>oblitteravit</span> 
     </span>
    </p>

    <p class='ocr_par' dir='ltr' id='par_1_7' title="bbox 64 2098 892 2788">
     <span class='ocr_line' id='line_1_29' title="bbox 122 2098 879 2170; baseline -0.011 -13"><span class='ocrx_word' id='word_1_188' title='bbox 122 2105 260 2157; x_wconf 84' lang='lat' dir='ltr'>-XXXlll</span> <span class='ocrx_word' id='word_1_189' title='bbox 279 2106 316 2155; x_wconf 81' lang='lat' dir='ltr'>At</span> <span class='ocrx_word' id='word_1_190' title='bbox 334 2120 367 2155; x_wconf 83' lang='lat' dir='ltr'>ex</span> <span class='ocrx_word' id='word_1_191' title='bbox 387 2104 501 2170; x_wconf 82' lang='lat' dir='ltr'>regulis,</span> <span class='ocrx_word' id='word_1_192' title='bbox 521 2103 598 2169; x_wconf 91' lang='lat' dir='ltr'>prior</span> <span class='ocrx_word' id='word_1_193' title='bbox 617 2100 795 2153; x_wconf 83' lang='lat' dir='ltr'>Mithridates</span> <span class='ocrx_word' id='word_1_194' title='bbox 808 2098 879 2150; x_wconf 92' lang='lat' dir='ltr'>Pha·</span> 
     </span>
     <span class='ocr_line' id='line_1_30' title="bbox 71 2171 878 2241; baseline -0.014 -14"><span class='ocrx_word' id='word_1_195' title='bbox 71 2190 221 2231; x_wconf 82' lang='lat' dir='ltr'>rasmanen</span> <span class='ocrx_word' id='word_1_196' title='bbox 237 2172 375 2241; x_wconf 85' lang='lat' dir='ltr'>perpulit,</span> <span class='ocrx_word' id='word_1_197' title='bbox 394 2173 459 2223; x_wconf 90' lang='lat' dir='ltr'>dolo</span> <span class='ocrx_word' id='word_1_198' title='bbox 475 2174 540 2223; x_wconf 85' lang='lat' dir='ltr'>etri</span> <span class='ocrx_word' id='word_1_199' title='bbox 552 2177 667 2223; x_wconf 86' lang='lat' dir='ltr'>conatus</span> <span class='ocrx_word' id='word_1_200' title='bbox 686 2185 751 2222; x_wconf 88' lang='lat' dir='ltr'>suos</span> <span class='ocrx_word' id='word_1_201' title='bbox 766 2171 878 2219; x_wconf 85' lang='lat' dir='ltr'>iuvare:</span> 
     </span>
     <span class='ocr_line' id='line_1_31' title="bbox 70 2238 879 2313; baseline -0.015 -16"><span class='ocrx_word' id='word_1_202' title='bbox 70 2246 232 2313; x_wconf 87' lang='lat' dir='ltr'>repertique</span> <span class='ocrx_word' id='word_1_203' title='bbox 244 2248 420 2309; x_wconf 81' lang='lat' dir='ltr'>corruptores</span> <span class='ocrx_word' id='word_1_204' title='bbox 436 2243 578 2295; x_wconf 85' lang='lat' dir='ltr'>ministros</span> <span class='ocrx_word' id='word_1_205' title='bbox 589 2242 699 2293; x_wconf 81' lang='lat' dir='ltr'>Arsacis</span> <span class='ocrx_word' id='word_1_206' title='bbox 710 2238 798 2290; x_wconf 88' lang='lat' dir='ltr'>multo</span> <span class='ocrx_word' id='word_1_207' title='bbox 808 2248 879 2286; x_wconf 88' lang='lat' dir='ltr'>auro</span> 
     </span>
     <span class='ocr_line' id='line_1_32' title="bbox 64 2307 877 2380; baseline -0.018 -12"><span class='ocrx_word' id='word_1_208' title='bbox 64 2314 107 2367; x_wconf 83' lang='lat' dir='ltr'>ad</span> <span class='ocrx_word' id='word_1_209' title='bbox 129 2313 222 2366; x_wconf 86' lang='lat' dir='ltr'>scelus</span> <span class='ocrx_word' id='word_1_210' title='bbox 243 2318 358 2380; x_wconf 88' lang='lat' dir='ltr'>cogunt:</span> <span class='ocrx_word' id='word_1_211' title='bbox 378 2311 460 2361; x_wconf 91' lang='lat' dir='ltr'>simul</span> <span class='ocrx_word' id='word_1_212' title='bbox 475 2311 549 2380; x_wconf 79' lang='lat' dir='ltr'>lberi</span> <span class='ocrx_word' id='word_1_213' title='bbox 564 2312 672 2377; x_wconf 88' lang='lat' dir='ltr'>magnis</span> <span class='ocrx_word' id='word_1_214' title='bbox 688 2307 877 2372; x_wconf 80' lang='lat' dir='ltr'>copiisdrme·</span> 
     </span>
     <span class='ocr_line' id='line_1_33' title="bbox 71 2375 892 2449; baseline -0.017 -12"><span class='ocrx_word' id='word_1_215' title='bbox 71 2388 147 2437; x_wconf 86' lang='lat' dir='ltr'>niam</span> <span class='ocrx_word' id='word_1_216' title='bbox 158 2386 331 2449; x_wconf 89' lang='lat' dir='ltr'>inrumpunt,</span> <span class='ocrx_word' id='word_1_217' title='bbox 346 2385 375 2432; x_wconf 88' lang='lat' dir='ltr'>et</span> <span class='ocrx_word' id='word_1_218' title='bbox 388 2381 455 2431; x_wconf 91' lang='lat' dir='ltr'>urbe</span> <span class='ocrx_word' id='word_1_219' title='bbox 466 2382 602 2431; x_wconf 84' lang='lat' dir='ltr'>Artaxata</span> <span class='ocrx_word' id='word_1_220' title='bbox 612 2378 763 2445; x_wconf 90' lang='lat' dir='ltr'>potiuntur.</span> <span class='ocrx_word' id='word_1_221' title='bbox 800 2375 892 2435; x_wconf 70' lang='lat' dir='ltr'>Quae,</span> 
     </span>
     <span class='ocr_line' id='line_1_34' title="bbox 71 2445 880 2523; baseline -0.02 -17"><span class='ocrx_word' id='word_1_222' title='bbox 71 2460 219 2523; x_wconf 87' lang='lat' dir='ltr'>postquam</span> <span class='ocrx_word' id='word_1_223' title='bbox 231 2450 373 2503; x_wconf 81' lang='lat' dir='ltr'>Artabano</span> <span class='ocrx_word' id='word_1_224' title='bbox 386 2450 506 2517; x_wconf 89' lang='lat' dir='ltr'>cognita,</span> <span class='ocrx_word' id='word_1_225' title='bbox 527 2449 615 2500; x_wconf 88' lang='lat' dir='ltr'>tilium</span> <span class='ocrx_word' id='word_1_226' title='bbox 630 2446 742 2498; x_wconf 88' lang='lat' dir='ltr'>Oroden</span> <span class='ocrx_word' id='word_1_227' title='bbox 758 2445 880 2494; x_wconf 81' lang='lat' dir='ltr'>ultorem</span> 
     </span>
     <span class='ocr_line' id='line_1_35' title="bbox 70 2509 882 2593; baseline -0.022 -17"><span class='ocrx_word' id='word_1_228' title='bbox 70 2529 163 2593; x_wconf 85' lang='lat' dir='ltr'>parat,</span> <span class='ocrx_word' id='word_1_229' title='bbox 183 2522 286 2590; x_wconf 86' lang='lat' dir='ltr'>datque</span> <span class='ocrx_word' id='word_1_230' title='bbox 297 2518 461 2573; x_wconf 87' lang='lat' dir='ltr'>Parthorum</span> <span class='ocrx_word' id='word_1_231' title='bbox 478 2522 582 2584; x_wconf 89' lang='lat' dir='ltr'>copias,</span> <span class='ocrx_word' id='word_1_232' title='bbox 602 2518 696 2578; x_wconf 85' lang='lat' dir='ltr'>mittit,</span> <span class='ocrx_word' id='word_1_233' title='bbox 712 2516 758 2582; x_wconf 91' lang='lat' dir='ltr'>qui</span> <span class='ocrx_word' id='word_1_234' title='bbox 776 2509 882 2562; x_wconf 81' lang='lat' dir='ltr'>auxilia</span> 
     </span>
     <span class='ocr_line' id='line_1_36' title="bbox 70 2582 880 2657; baseline -0.028 -10"><span class='ocrx_word' id='word_1_235' title='bbox 70 2592 201 2647; x_wconf 87' lang='lat' dir='ltr'>mercede</span> <span class='ocrx_word' id='word_1_236' title='bbox 218 2592 354 2644; x_wconf 85' lang='lat' dir='ltr'>lacerent.</span> <span class='ocrx_word' id='word_1_237' title='bbox 391 2590 496 2640; x_wconf 78' lang='lat' dir='ltr'>Contra</span> <span class='ocrx_word' id='word_1_238' title='bbox 511 2586 716 2639; x_wconf 86' lang='lat' dir='ltr'>Pharasmanes</span> <span class='ocrx_word' id='word_1_239' title='bbox 727 2582 880 2657; x_wconf 80' lang='lat' dir='ltr'>adiungere</span> 
     </span>
     <span class='ocr_line' id='line_1_37' title="bbox 71 2649 881 2788; baseline -0.027 -69"><span class='ocrx_word' id='word_1_240' title='bbox 71 2664 203 2727; x_wconf 71' lang='lat' dir='ltr'>Albanos,</span> <span class='ocrx_word' id='word_1_241' title='bbox 214 2664 303 2788; x_wconf 77' lang='lat' dir='ltr'>acpirc</span> <span class='ocrx_word' id='word_1_242' title='bbox 314 2658 471 2727; x_wconf 64' lang='lat' dir='ltr'>Sarmatasq</span> <span class='ocrx_word' id='word_1_243' title='bbox 492 2671 611 2731; x_wconf 82' lang='lat' dir='ltr'>quorum</span> <span class='ocrx_word' id='word_1_244' title='bbox 621 2649 762 2775; x_wconf 64' lang='lat' dir='ltr'>aegptuchi</span> <span class='ocrx_word' id='word_1_245' title='bbox 767 2683 777 2715; x_wconf 88' lang='lat'>,</span> <span class='ocrx_word' id='word_1_246' title='bbox 786 2650 881 2698; x_wconf 79' lang='lat' dir='ltr'>utrim-</span> 
     </span>
    </p>

    <p class='ocr_par' dir='ltr' id='par_1_8' title="bbox 105 2729 799 2790">
     <span class='ocr_line' id='line_1_38' title="bbox 105 2729 799 2790; baseline -0.001 0"><span class='ocrx_word' id='word_1_247' title='bbox 105 2734 232 2790; x_wconf 80' lang='lat' dir='ltr'>Trcrrvs</span> <span class='ocrx_word' id='word_1_248' title='bbox 264 2768 272 2789; x_wconf 84' lang='grc'><strong>.</strong></span> <span class='ocrx_word' id='word_1_249' title='bbox 797 2729 799 2732; x_wconf 75' lang='grc'><strong>’</strong></span> 
     </span>
    </p>
   </div>
   <div class='ocr_carea' id='block_1_7' title="bbox 0 0 1030 3025">
    <p class='ocr_par' dir='ltr' id='par_1_9' title="bbox 0 0 1030 3025">
     <span class='ocr_line' id='line_1_39' title="bbox 0 0 1030 3025; baseline 0 0"><span class='ocrx_word' id='word_1_250' title='bbox 0 0 1030 3025; x_wconf 95' lang='lat' dir='ltr'> </span> 
     </span>
    </p>
   </div>
  </div>
 </body>
</html>
