2034 3025
173 96 225 172 iss
258 114 560 171 nrsronmnvu
576 109 727 181 [anon.
745 112 886 185 ann]

170 233 244 288 mat,
254 225 352 277 ductus
362 239 380 275 a
393 222 495 275 Vocula
504 222 651 275 exercitus.
671 220 741 271 Pars
752 236 819 273 eum
829 224 972 280 nereum

172 296 254 349 Gallo
264 293 424 359 permansit.

223 362 335 416 XXVll
354 359 441 411 Forte
460 372 566 415 navem,
584 353 658 405 haud
677 356 774 421 procul
789 362 906 422 caenis,
924 360 974 411 irn-

169 438 265 483 mento
275 442 387 495 gravem
392 463 402 490 ‚
417 442 479 478 cum
488 437 538 487 per
549 420 618 471 vada
629 420 778 485 haesisset,
797 425 939 477 Germani
947 431 974 479 in

169 502 347 563 altamripam
357 493 511 546 trahebant
547 488 609 539 Non
629 490 695 540 tulit
709 490 826 555 Gallus,
844 497 973 562 misitque

169 566 291 619 subsidio
305 562 454 615 eohortem.
489 558 592 607 suctus
608 564 637 608 et
651 558 863 611 Germanorum
882 578 974 615 nume-

169 648 226 696 rus,
236 630 434 696 paullatier
444 623 658 691 adgregantibus
668 640 699 675 se
710 628 837 690 auxiliis,
847 631 910 681 acie
919 646 973 681 cer-

168 708 266 750 tatum.
285 695 417 749 Germani
428 693 517 744 multa
527 708 591 743 cuna
598 698 691 759 strage
700 699 867 746 nostrorum
877 713 972 749 narem

159 767 316 831 abripiunt.
351 764 425 815 Victi
440 760 524 827 (quud
534 761 632 811 tamin
641 776 746 812 morem
757 769 901 827 verterat)
920 777 970 815 nun

168 848 247 884 suam
257 832 403 898 ignaviam,
412 830 462 881 sed
471 828 718 895 perfidiamLegati
726 831 892 896 culpabant.
911 833 971 883 Pro·

168 905 289 953 tractum
299 914 315 949 e
324 900 460 958 tentorio,
479 898 565 948 scissa
575 901 662 957 veste,
683 897 834 949 verberato
846 914 970 964 corpore,

168 984 221 1038 pao
230 966 330 1034 pretia
342 965 437 1031 quidus
451 963 572 1025 consciis,
584 962 746 1031 prodidisset
756 966 924 1027 exercitum,
937 968 971 1017 di

168 1052 231 1089 cere
251 1035 355 1087 iubent.
388 1033 471 1085 Redit
484 1034 513 1082 in
527 1032 718 1082 Hordeonium
736 1033 854 1084 invidia.
891 1036 972 1096 lllunr

168 1113 307 1158 auctorem
316 1100 432 1164 sceleris,
442 1099 515 1153 bunc
525 1098 677 1150 nsinistrnm
686 1105 801 1163 vocant3
813 1100 919 1165 donee,
930 1116 969 1155 ex·
1011 1131 1012 1135 =

168 1176 249 1225 itium
267 1170 457 1221 minitantibus
478 1168 637 1229 exterritus,
655 1168 846 1232 proditionem
865 1177 897 1221 et
917 1173 972 1235 ipm

168 1239 331 1293 Hordeonio
341 1236 453 1287 obiecit:
471 1236 640 1301 vinctusque,
661 1234 781 1287 adventu
791 1236 911 1289 demum
921 1238 972 1289 Vo-

170 1309 249 1361 culae
259 1306 417 1358 exsolvitur.
453 1302 479 1352 ls
494 1306 606 1367 postem
619 1302 665 1353 die
679 1308 809 1354 auctores
826 1304 973 1359 seditionis

168 1381 259 1429 morte
269 1374 380 1425 adiecit.
414 1372 509 1432 Tanta
517 1370 560 1419 illi
571 1371 705 1421 exercitui
720 1370 871 1421 diversitas
882 1375 975 1424 inerat

168 1446 296 1498 licentiae
305 1441 517 1509 patientiaeque.
551 1438 635 1506 Haud
644 1438 725 1489 dubie
734 1442 885 1504 gregarius
897 1442 974 1491 miles

169 1514 283 1567 Vitellio
302 1512 384 1563 liduss
402 1506 639 1574 splendidissimus
654 1507 767 1573 quisque
783 1508 814 1556 iu
828 1506 976 1574 Vespasia·

159 1599 235 1635 num
245 1582 333 1648 proni.
360 1578 425 1630 inde
435 1574 569 1636 scelerum
580 1589 614 1626 ao
624 1574 823 1640 suppliciorum
834 1578 932 1640 vices,
950 1582 977 1628 et

170 1654 272 1702 nriutus
283 1649 414 1716 obsequio
423 1643 514 1696 furor:
532 1648 564 1694 ut
574 1643 710 1695 contineri
720 1657 776 1694 nun
786 1651 918 1710 possent,
933 1646 976 1712 qui

118 1733 126 1743 '
170 1721 262 1786 puniri
273 1721 408 1782 poterant.

220 1785 345 1836 XXVlll.
372 1787 408 1835 At
423 1780 537 1832 civilem
551 1779 683 1830 inmensis
698 1776 825 1829 auctibus
841 1781 978 1834 universa
1011 1795 1012 1798 ’

171 1854 319 1915 Germania
329 1851 490 1912 extollebat,
508 1850 643 1898 societate
653 1847 833 1897 nobilissimis
843 1849 977 1899 obsidum
1011 1899 1012 1904 ,

169 1918 289 1972 firmata.
322 1919 385 1982 llle,
404 1924 435 1968 ut
455 1919 553 1983 cuique
573 1916 740 1980 proximum,
757 1916 868 1967 vastari
896 1915 978 1967 Vbios
1011 1931 1012 1938 ¹

173 1987 361 2055 Treverosque,
371 1995 398 2036 et
407 1985 490 2037 aliam
499 1979 717 2035 mnnunsMosam
727 1995 829 2031 arranem
842 1985 978 2045 transire,

169 2054 262 2117 iubet,
281 2051 313 2103 sit
322 2052 461 2117 Menapios
471 2060 499 2102 et
508 2050 629 2102 Morinos
643 2058 671 2100 et
680 2055 800 2099 extremo
813 2049 979 2102 Galliarum

122 2139 128 2144 ·
169 2128 302 2189 peteteret.
345 2121 429 2168 Actae
452 2120 600 2184 utrobique
626 2115 758 2182 praedae;
789 2114 929 2168 infestius
948 2119 978 2167 in

169 2191 257 2253 Vbiis,
268 2187 343 2258 quod
353 2201 421 2254 gens
427 2186 608 2238 Germanicae
618 2185 740 2248 originis,
750 2183 859 2233 eiurata
869 2187 977 2248 patria,

169 2260 359 2310 Romanorum
368 2268 477 2314 nomen,
487 2251 704 2317 Agrippinenses,
715 2255 892 2310 vocarentur.
905 2253 976 2302 Cae-
1013 2251 1014 2274 ²

170 2339 217 2374 sac
228 2322 357 2372 cohortes
367 2323 481 2377 eorum,
494 2319 524 2366 in
533 2320 594 2368 vico
604 2317 782 2377 Marcoduro,
800 2317 975 2368 incuriosius

170 2395 293 2454 ugentes,
303 2388 368 2452 quia
377 2383 473 2450 procul
484 2386 543 2447 ripa
553 2385 677 2434 aberant.
694 2382 751 2432 Nee
762 2383 893 2446 quievere
901 2383 975 2446 Vbii,

131 2488 134 2493 ,
170 2457 315 2520 quominus
325 2450 441 2517 praedas
450 2464 467 2498 o
476 2449 625 2500 Germania
634 2454 771 2512 peterent:
789 2449 881 2512 primo
893 2454 975 2516 inpu-

170 2535 219 2582 ne,
238 2521 303 2571 dein
318 2517 494 2568 circumventi
508 2520 588 2576 sunt,
606 2530 655 2579 per
665 2527 747 2564 ontne
757 2515 785 2563 id
796 2515 905 2570 bellurn
919 2535 975 2570 irre·

170 2588 240 2636 liora
249 2588 291 2636 usi
301 2585 365 2644 tide,
376 2595 458 2644 qnam
469 2580 590 2629 fortuna.
618 2583 747 2632 centusis
756 2581 844 2647 Vbiis,
854 2589 976 2652 gravior
