2034 3025
38 97 44 114 ’
83 133 165 188 aru.
179 129 259 185 xrv.
278 131 361 185 ose.
377 129 402 186 a.
417 131 443 185 e.
461 129 611 199 [aves.
625 129 762 200 nem]
797 134 850 188 mr

48 237 174 292 remedia
192 238 331 288 munierat
348 251 457 302 eorpus.
493 236 611 288 Ferrum
626 241 655 288 et
670 236 774 287 caedes
783 251 851 305 quo·

48 323 113 359 nam
133 305 217 356 modo
237 305 438 368 occultaretur,
457 317 540 356 nemo
558 304 728 370 reperiebam
755 309 797 367 et,
814 319 851 362 ne

49 379 119 444 quis,
129 373 172 424 illi
182 378 261 424 tanto
272 373 390 425 facinori
400 373 533 436 delectus,
547 375 624 424 iussa
633 377 785 438 sperneret,
794 387 851 425 me·

48 445 153 497 tuebat.
190 441 300 494 Obtulit
318 443 460 508 ingenium
474 442 606 493 Anicetus
625 441 751 504 libertus,
769 440 852 492 classi

49 512 124 578 apud
135 511 274 562 Misenum
284 510 455 571 Praefectus,
470 515 500 563 et
509 511 645 577 pueritiae
656 509 776 562 Neronis
786 510 853 561 edu·

49 586 135 642 eatur,
145 594 180 630 ae
190 581 293 630 mutuis
303 579 373 632 odiis
382 579 551 645 Agrippinae
560 581 674 632 inrisus.
709 579 853 646 Ergoma·

47 663 105 700 nem
111 657 191 716 posse
200 647 330 714 eampum,
339 647 428 708 docet,
443 647 603 714 euiuspers,
617 647 794 714 ipsuinnsuri
800 661 852 713 pes·

47 718 245 778 artemeoluta,
263 714 416 783 effunderet
434 715 572 784 ignarum.
598 715 669 769 sitit
688 724 745 768 tunt
763 730 853 785 capax

41 785 246 858 fortuitorum.
261 800 340 852 quum
350 800 435 847 mare,
452 792 487 848 et,
501 783 852 904 siuzregiointereepta

47 853 94 916 sit,
105 869 183 922 quem
193 854 258 906 adeo
267 851 397 919 iniquum,
408 861 440 904 ut
449 852 543 912 sceleri
551 869 569 905 a
606 852 686 920 irruet,
700 854 771 921 quod
778 851 853 908 uenti

47 931 75 974 et
81 921 192 992 fluetus
203 922 381 989 deliquerint!
416 919 581 973 additurum
592 921 748 990 Principem
758 922 853 993 defun·

47 998 108 1046 ttae
119 992 248 1056 templum
258 999 286 1042 et
295 1006 360 1042 uras
371 998 398 1042 et
408 998 498 1042 cetera
509 991 685 1042 ostentandae
696 989 807 1058 pietati.

97 1059 149 1112 IV.
168 1059 277 1110 Placuit
284 1059 421 1120 sollertia,
432 1064 558 1124 tempore
568 1060 653 1110 etiam
664 1060 732 1122 iota,
741 1059 852 1126 quando

47 1128 273 1195 Quinquatruum
290 1126 376 1179 festos
390 1127 449 1179 (lies
460 1128 533 1192 apud
546 1127 630 1178 Baias
649 1126 852 1195 frequentabat.

46 1196 119 1248 llluo
130 1203 248 1248 matrem
265 1196 350 1259 elicit,
363 1195 495 1266 ferendus
502 1205 649 1265 parentum
659 1195 815 1250 iracundiae
825 1205 853 1248 et

42 1265 210 1334 placandum
221 1264 348 1328 animum,
363 1267 502 1328 dictitans,
517 1280 570 1333 quo
581 1280 721 1317 rumorem
731 1267 853 1319 reconci-

45 1335 171 1387 liationis
184 1331 314 1395 efficeret,
324 1336 461 1398 acciperet
482 1349 516 1386 ue
524 1336 679 1400 Agrippina,
690 1334 764 1396 facili
775 1336 853 1388 femi·

43 1416 150 1454 narum
171 1401 389 1454 credulitate-ad
408 1349 519 1469 genita.
559 1404 726 1456 Venientem
745 1401 854 1465 dehine,

47 1471 147 1529 obrius
158 1470 294 1534 inlitora,
314 1474 389 1534 (nunt
400 1472 484 1523 Antio
495 1470 673 1532 adventabat)
684 1473 786 1539 excipit
796 1485 853 1525 ma·

44 1554 85 1594 uu
96 1546 128 1593 et
137 1540 298 1607 complexu,
318 1540 449 1607 ducitque
459 1539 571 1590 Baulos.
607 1540 638 1591 ld
651 1539 735 1591 villae
751 1555 852 1591 nornen

46 1608 101 1673 est',
112 1624 194 1677 quae,
211 1602 584 1675 promontorium'ltlisenum
593 1610 666 1659 inter
677 1615 706 1659 ct
715 1609 851 1660 Baianum

45 1678 151 1741 laeum,
170 1677 243 1729 flexo
253 1679 323 1729 mari
333 1678 466 1729 adluitur.
503 1674 852 1729 Stabatinteraliasnaris

47 1750 185 1808 ornatior,
198 1753 339 1813 tamquam
350 1746 378 1797 id
389 1762 498 1815 quoque
509 1743 608 1797 honori
618 1748 715 1797 matris
725 1748 851 1799 daretur:
939 1756 943 1761 ’

46 1818 152 1887 quippe
172 1820 302 1867 sueverat
321 1816 435 1878 triremi,
458 1822 486 1869 et
506 1815 712 1867 classiariorum
735 1818 852 1883 remigio

45 1884 122 1937 vehi.
150 1898 182 1935 ac
192 1889 252 1935 tum
263 1884 379 1935 invitata
394 1884 429 1935 ad
439 1885 621 1952 epulonem,
640 1892 671 1935 ut
686 1886 852 1943 occultando

46 1950 168 2005 facinori
179 1967 235 2004 nox
245 1952 432 2006 adhiberetur.
469 1952 543 2007 Satis
561 1955 694 2017 constitit,
714 1956 853 2008 exstitisse

46 2020 234 2091 proditorem,
254 2026 283 2073 et
292 2022 478 2089 Agrippinam,
497 2023 599 2074 auditis
609 2024 729 2087 insidiis,
749 2037 785 2075 an
797 2039 854 2083 ere-

48 2092 312 2159 deret-ambiguam,
332 2093 486 2157 gestamine
498 2092 584 2143 sellae
593 2092 853 2159 Baiasperveetam.

46 2160 92 2213 lbi
107 2159 328 2210 blandimentum
344 2156 497 2211 sublevavit
513 2165 629 2213 metum:
648 2164 764 2213 comiter
774 2176 853 2213 exee-

48 2228 103 2295 pta¹
115 2242 254 2295 superque
274 2230 363 2294 ipsum
385 2228 536 2281 conlocata
572 2228 643 2281 Nam
659 2231 783 2298 pluribus
797 2223 862 2281 ser·‘

49 2296 192 2359 monibus,
212 2296 294 2347 modo
307 2294 496 2349 familiaritate
510 2298 623 2349 iuvenili
632 2298 748 2359 Nero‚et
756 2313 853 2352 rursus

50 2366 202 2428 adductus,
222 2368 300 2432 quasi
311 2368 384 2417 seria
394 2367 579 2430 consociaret,
598 2363 728 2418 tracto'iu
738 2368 852 2435 longum
949 2404 955 2408 .

50 2437 189 2497 convictu,
210 2449 290 2500 prose
308 2436 383 2485 uitur
393 2433 549 2498 abeuntem,
569 2438 658 2488 artius
669 2436 758 2488 oculis
769 2443 854 2503 etpe-

51 2506 121 2555 ctori
133 2503 261 2566 haerens,
303 2520 334 2555 ve
346 2503 481 2570 explenda
491 2505 675 2568 simulatione,
691 2521 742 2563 seu
753 2508 854 2573 peritu-

50 2588 100 2625 rae
111 2574 208 2624 matris
218 2587 362 2639 supremus
373 2572 533 2639 adspectus,
553 2576 678 2641 quamuis
695 2574 784 2626 serum
797 2576 852 2624 uni·

52 2658 128 2717 mum
138 2643 285 2695 retinebat.
