<?xml version="1.0" encoding="UTF-8"?>
<!DOCTYPE html PUBLIC "-//W3C//DTD XHTML 1.0 Transitional//EN"
    "http://www.w3.org/TR/xhtml1/DTD/xhtml1-transitional.dtd">
<html xmlns="http://www.w3.org/1999/xhtml" xml:lang="en" lang="en">
 <head>
  <title>
</title>
<meta http-equiv="Content-Type" content="text/html;charset=utf-8" />
  <meta name='ocr-system' content='tesseract 3.04.00' />
  <meta name='ocr-capabilities' content='ocr_page ocr_carea ocr_par ocr_line ocrx_word'/>
</head>
<body>
  <div class='ocr_page' id='page_1' title='image "./ccorneliitaciti00socigoog_0345.png"; bbox 0 0 2034 3025; ppageno 0'>
   <div class='ocr_carea' id='block_1_1' title="bbox 134 29 914 130">
    <p class='ocr_par' dir='ltr' id='par_1_1' title="bbox 134 29 914 130">
     <span class='ocr_line' id='line_1_1' title="bbox 134 29 914 130; baseline -0.012 -8"><span class='ocrx_word' id='word_1_1' title='bbox 134 66 185 122; x_wconf 78' lang='lat' dir='ltr'>aas</span> <span class='ocrx_word' id='word_1_2' title='bbox 244 29 813 130; x_wconf 64' lang='lat' dir='ltr'>&#39;ananelum[ausaausa]</span> <span class='ocrx_word' id='word_1_3' title='bbox 907 33 914 41; x_wconf 82' lang='grc'>’</span> 
     </span>
    </p>
   </div>
   <div class='ocr_carea' id='block_1_2' title="bbox 51 165 948 2222">
    <p class='ocr_par' dir='ltr' id='par_1_2' title="bbox 133 165 939 358">
     <span class='ocr_line' id='line_1_2' title="bbox 135 165 939 232; baseline -0.004 -11"><span class='ocrx_word' id='word_1_4' title='bbox 135 173 269 222; x_wconf 82' lang='lat' dir='ltr'><strong>cesserat:</strong></span> <span class='ocrx_word' id='word_1_5' title='bbox 285 165 486 232; x_wconf 78' lang='lat' dir='ltr'>videbaturque</span> <span class='ocrx_word' id='word_1_6' title='bbox 498 170 580 229; x_wconf 85' lang='lat' dir='ltr'>pctus</span> <span class='ocrx_word' id='word_1_7' title='bbox 590 180 692 227; x_wconf 89' lang='lat' dir='ltr'>sacros,</span> <span class='ocrx_word' id='word_1_8' title='bbox 702 171 732 216; x_wconf 87' lang='lat' dir='ltr'>et</span> <span class='ocrx_word' id='word_1_9' title='bbox 741 168 939 218; x_wconf 80' lang='lat' dir='ltr'>caerimoniam</span> 
     </span>
     <span class='ocr_line' id='line_1_3' title="bbox 133 233 938 301; baseline -0.005 -11"><span class='ocrx_word' id='word_1_10' title='bbox 133 238 188 289; x_wconf 92' lang='lat' dir='ltr'>loci</span> <span class='ocrx_word' id='word_1_11' title='bbox 203 249 318 301; x_wconf 88' lang='lat' dir='ltr'>corpore</span> <span class='ocrx_word' id='word_1_12' title='bbox 333 233 391 286; x_wconf 91' lang='lat' dir='ltr'>loto</span> <span class='ocrx_word' id='word_1_13' title='bbox 408 233 548 298; x_wconf 87' lang='lat' dir='ltr'>polluisse.</span> <span class='ocrx_word' id='word_1_14' title='bbox 584 240 734 300; x_wconf 85' lang='lat' dir='ltr'>secutaque</span> <span class='ocrx_word' id='word_1_15' title='bbox 748 248 849 300; x_wconf 87' lang='lat' dir='ltr'>anceps</span> <span class='ocrx_word' id='word_1_16' title='bbox 863 236 938 287; x_wconf 84' lang='lat' dir='ltr'>vale·</span> 
     </span>
     <span class='ocr_line' id='line_1_4' title="bbox 133 302 803 358; baseline -0.015 0"><span class='ocrx_word' id='word_1_17' title='bbox 133 306 202 358; x_wconf 88' lang='lat' dir='ltr'>tudo</span> <span class='ocrx_word' id='word_1_18' title='bbox 213 306 282 354; x_wconf 91' lang='lat' dir='ltr'>iram</span> <span class='ocrx_word' id='word_1_19' title='bbox 293 304 381 354; x_wconf 90' lang='lat' dir='ltr'>Deum</span> <span class='ocrx_word' id='word_1_20' title='bbox 394 302 557 352; x_wconf 85' lang='lat' dir='ltr'>adfirmavit.</span> <span class='ocrx_word' id='word_1_21' title='bbox 796 334 803 343; x_wconf 88' lang='lat'>.</span> 
     </span>
    </p>

    <p class='ocr_par' dir='ltr' id='par_1_3' title="bbox 133 368 943 1464">
     <span class='ocr_line' id='line_1_5' title="bbox 186 368 939 438; baseline -0.004 -14"><span class='ocrx_word' id='word_1_22' title='bbox 186 372 287 424; x_wconf 87' lang='lat' dir='ltr'>XXlll.</span> <span class='ocrx_word' id='word_1_23' title='bbox 304 369 484 438; x_wconf 71' lang='lat' dir='ltr'>AtCorbqlo,</span> <span class='ocrx_word' id='word_1_24' title='bbox 511 368 678 434; x_wconf 91' lang='lat' dir='ltr'>postdeleta</span> <span class='ocrx_word' id='word_1_25' title='bbox 687 370 839 437; x_wconf 74' lang='lat' dir='ltr'>Artaxata,</span> <span class='ocrx_word' id='word_1_26' title='bbox 856 376 939 422; x_wconf 87' lang='lat' dir='ltr'>uten-</span> 
     </span>
     <span class='ocr_line' id='line_1_6' title="bbox 135 437 939 505; baseline -0.006 -10"><span class='ocrx_word' id='word_1_27' title='bbox 135 443 200 495; x_wconf 92' lang='lat' dir='ltr'>dum</span> <span class='ocrx_word' id='word_1_28' title='bbox 211 442 314 491; x_wconf 87' lang='lat' dir='ltr'>recenti</span> <span class='ocrx_word' id='word_1_29' title='bbox 326 445 434 489; x_wconf 85' lang='lat' dir='ltr'>terrore</span> <span class='ocrx_word' id='word_1_30' title='bbox 446 442 523 488; x_wconf 87' lang='lat' dir='ltr'>ratus</span> <span class='ocrx_word' id='word_1_31' title='bbox 534 437 569 488; x_wconf 91' lang='lat' dir='ltr'>ad</span> <span class='ocrx_word' id='word_1_32' title='bbox 581 437 744 503; x_wconf 91' lang='lat' dir='ltr'>occupanda</span> <span class='ocrx_word' id='word_1_33' title='bbox 754 440 939 505; x_wconf 87' lang='lat' dir='ltr'>Tigranocer-</span> 
     </span>
     <span class='ocr_line' id='line_1_7' title="bbox 134 504 940 576; baseline -0.001 -18"><span class='ocrx_word' id='word_1_34' title='bbox 134 519 177 574; x_wconf 83' lang='lat' dir='ltr'>ta,</span> <span class='ocrx_word' id='word_1_35' title='bbox 196 507 294 576; x_wconf 83' lang='lat' dir='ltr'>quibus</span> <span class='ocrx_word' id='word_1_36' title='bbox 305 507 416 568; x_wconf 86' lang='lat' dir='ltr'>excisis,</span> <span class='ocrx_word' id='word_1_37' title='bbox 439 510 542 556; x_wconf 88' lang='lat' dir='ltr'>metum</span> <span class='ocrx_word' id='word_1_38' title='bbox 552 504 673 557; x_wconf 88' lang='lat' dir='ltr'>hostium</span> <span class='ocrx_word' id='word_1_39' title='bbox 684 507 855 569; x_wconf 79' lang='lat' dir='ltr'>intenderet,</span> <span class='ocrx_word' id='word_1_40' title='bbox 883 507 940 570; x_wconf 86' lang='lat' dir='ltr'>vel,</span> 
     </span>
     <span class='ocr_line' id='line_1_8' title="bbox 134 574 941 646; baseline -0.007 -15"><span class='ocrx_word' id='word_1_41' title='bbox 134 583 158 631; x_wconf 89' lang='lat' dir='ltr'>si</span> <span class='ocrx_word' id='word_1_42' title='bbox 169 577 345 646; x_wconf 80' lang='lat' dir='ltr'>pepercisset,</span> <span class='ocrx_word' id='word_1_43' title='bbox 357 574 520 626; x_wconf 87' lang='lat' dir='ltr'>clementiae</span> <span class='ocrx_word' id='word_1_44' title='bbox 532 575 634 626; x_wconf 90' lang='lat' dir='ltr'>famam</span> <span class='ocrx_word' id='word_1_45' title='bbox 645 575 858 641; x_wconf 86' lang='lat' dir='ltr'>adipisceretur;</span> <span class='ocrx_word' id='word_1_46' title='bbox 868 575 941 626; x_wconf 90' lang='lat' dir='ltr'>illuc</span> 
     </span>
     <span class='ocr_line' id='line_1_9' title="bbox 133 641 940 715; baseline -0.002 -18"><span class='ocrx_word' id='word_1_47' title='bbox 133 649 237 715; x_wconf 82' lang='lat' dir='ltr'>porgit,</span> <span class='ocrx_word' id='word_1_48' title='bbox 259 659 314 694; x_wconf 87' lang='lat' dir='ltr'>non</span> <span class='ocrx_word' id='word_1_49' title='bbox 324 641 432 694; x_wconf 88' lang='lat' dir='ltr'>infenso</span> <span class='ocrx_word' id='word_1_50' title='bbox 444 645 580 705; x_wconf 83' lang='lat' dir='ltr'>exercitu,</span> <span class='ocrx_word' id='word_1_51' title='bbox 607 658 643 694; x_wconf 89' lang='lat' dir='ltr'>ne</span> <span class='ocrx_word' id='word_1_52' title='bbox 652 659 728 708; x_wconf 88' lang='lat' dir='ltr'>spem</span> <span class='ocrx_word' id='word_1_53' title='bbox 741 647 835 695; x_wconf 81' lang='lat' dir='ltr'>veniae</span> <span class='ocrx_word' id='word_1_54' title='bbox 845 644 940 695; x_wconf 87' lang='lat' dir='ltr'>aufer·</span> 
     </span>
     <span class='ocr_line' id='line_1_10' title="bbox 134 712 941 779; baseline -0.002 -15"><span class='ocrx_word' id='word_1_55' title='bbox 134 721 187 777; x_wconf 84' lang='lat' dir='ltr'>ret,</span> <span class='ocrx_word' id='word_1_56' title='bbox 206 727 294 779; x_wconf 85' lang='lat' dir='ltr'>neque</span> <span class='ocrx_word' id='word_1_57' title='bbox 304 717 396 762; x_wconf 88' lang='lat' dir='ltr'>tamen</span> <span class='ocrx_word' id='word_1_58' title='bbox 407 713 523 762; x_wconf 88' lang='lat' dir='ltr'>remissa</span> <span class='ocrx_word' id='word_1_59' title='bbox 532 727 607 773; x_wconf 89' lang='lat' dir='ltr'>cura,</span> <span class='ocrx_word' id='word_1_60' title='bbox 626 726 737 777; x_wconf 87' lang='lat' dir='ltr'>gnarus,</span> <span class='ocrx_word' id='word_1_61' title='bbox 757 712 868 763; x_wconf 82' lang='lat' dir='ltr'>facilem</span> <span class='ocrx_word' id='word_1_62' title='bbox 880 728 941 762; x_wconf 91' lang='lat' dir='ltr'>mu-</span> 
     </span>
     <span class='ocr_line' id='line_1_11' title="bbox 135 780 941 848; baseline -0.002 -14"><span class='ocrx_word' id='word_1_63' title='bbox 135 789 196 835; x_wconf 92' lang='lat' dir='ltr'>tatu</span> <span class='ocrx_word' id='word_1_64' title='bbox 206 787 330 848; x_wconf 84' lang='lat' dir='ltr'>gentem,</span> <span class='ocrx_word' id='word_1_65' title='bbox 357 786 388 830; x_wconf 90' lang='lat' dir='ltr'>nt</span> <span class='ocrx_word' id='word_1_66' title='bbox 399 795 510 846; x_wconf 85' lang='lat' dir='ltr'>segnem</span> <span class='ocrx_word' id='word_1_67' title='bbox 523 780 557 831; x_wconf 90' lang='lat' dir='ltr'>ad</span> <span class='ocrx_word' id='word_1_68' title='bbox 568 781 706 846; x_wconf 90' lang='lat' dir='ltr'>pericula,</span> <span class='ocrx_word' id='word_1_69' title='bbox 728 783 769 843; x_wconf 83' lang='lat' dir='ltr'>ita</span> <span class='ocrx_word' id='word_1_70' title='bbox 777 781 891 831; x_wconf 90' lang='lat' dir='ltr'>inlidam</span> <span class='ocrx_word' id='word_1_71' title='bbox 901 781 941 832; x_wconf 86' lang='lat' dir='ltr'>ad</span> 
     </span>
     <span class='ocr_line' id='line_1_12' title="bbox 136 848 941 916; baseline -0.004 -12"><span class='ocrx_word' id='word_1_72' title='bbox 136 853 305 904; x_wconf 82' lang='lat' dir='ltr'>occasiones.</span> <span class='ocrx_word' id='word_1_73' title='bbox 341 848 467 911; x_wconf 89' lang='lat' dir='ltr'>Barbari,</span> <span class='ocrx_word' id='word_1_74' title='bbox 488 864 538 916; x_wconf 94' lang='lat' dir='ltr'>pro</span> <span class='ocrx_word' id='word_1_75' title='bbox 549 851 659 916; x_wconf 89' lang='lat' dir='ltr'>ingenio</span> <span class='ocrx_word' id='word_1_76' title='bbox 671 851 800 916; x_wconf 84' lang='lat' dir='ltr'>quisque,</span> <span class='ocrx_word' id='word_1_77' title='bbox 818 850 866 900; x_wconf 87' lang='lat' dir='ltr'>alii</span> <span class='ocrx_word' id='word_1_78' title='bbox 878 864 941 915; x_wconf 85' lang='lat' dir='ltr'>pre-</span> 
     </span>
     <span class='ocr_line' id='line_1_13' title="bbox 136 915 942 984; baseline -0.002 -12"><span class='ocrx_word' id='word_1_79' title='bbox 136 935 182 972; x_wconf 90' lang='lat' dir='ltr'>ces</span> <span class='ocrx_word' id='word_1_80' title='bbox 194 917 307 979; x_wconf 80' lang='lat' dir='ltr'>offerre,</span> <span class='ocrx_word' id='word_1_81' title='bbox 327 915 438 984; x_wconf 88' lang='lat' dir='ltr'>quidam</span> <span class='ocrx_word' id='word_1_82' title='bbox 450 918 580 970; x_wconf 88' lang='lat' dir='ltr'>deserere</span> <span class='ocrx_word' id='word_1_83' title='bbox 591 918 680 979; x_wconf 92' lang='lat' dir='ltr'>vicos,</span> <span class='ocrx_word' id='word_1_84' title='bbox 700 924 728 968; x_wconf 90' lang='lat' dir='ltr'>et</span> <span class='ocrx_word' id='word_1_85' title='bbox 738 921 766 967; x_wconf 91' lang='lat' dir='ltr'>in</span> <span class='ocrx_word' id='word_1_86' title='bbox 777 920 839 968; x_wconf 90' lang='lat' dir='ltr'>avia</span> <span class='ocrx_word' id='word_1_87' title='bbox 848 916 942 984; x_wconf 84' lang='lat' dir='ltr'>digrc·</span> 
     </span>
     <span class='ocr_line' id='line_1_14' title="bbox 137 985 941 1053; baseline -0.005 -13"><span class='ocrx_word' id='word_1_88' title='bbox 137 989 178 1040; x_wconf 82' lang='lat' dir='ltr'>di:</span> <span class='ocrx_word' id='word_1_89' title='bbox 209 1001 241 1037; x_wconf 89' lang='lat' dir='ltr'>ac</span> <span class='ocrx_word' id='word_1_90' title='bbox 253 985 345 1048; x_wconf 87' lang='lat' dir='ltr'>fuere,</span> <span class='ocrx_word' id='word_1_91' title='bbox 370 987 456 1053; x_wconf 89' lang='lat' dir='ltr'>quise</span> <span class='ocrx_word' id='word_1_92' title='bbox 468 987 620 1052; x_wconf 84' lang='lat' dir='ltr'>speluncis,</span> <span class='ocrx_word' id='word_1_93' title='bbox 645 993 673 1038; x_wconf 88' lang='lat' dir='ltr'>et</span> <span class='ocrx_word' id='word_1_94' title='bbox 684 988 826 1037; x_wconf 88' lang='lat' dir='ltr'>carissima</span> <span class='ocrx_word' id='word_1_95' title='bbox 836 1001 941 1049; x_wconf 89' lang='lat' dir='ltr'>secum,</span> 
     </span>
     <span class='ocr_line' id='line_1_15' title="bbox 137 1052 942 1121; baseline -0.005 -13"><span class='ocrx_word' id='word_1_96' title='bbox 137 1056 279 1108; x_wconf 84' lang='lat' dir='ltr'>abderent.</span> <span class='ocrx_word' id='word_1_97' title='bbox 307 1052 470 1121; x_wconf 86' lang='lat' dir='ltr'>lgiturDux</span> <span class='ocrx_word' id='word_1_98' title='bbox 481 1055 621 1105; x_wconf 86' lang='lat' dir='ltr'>Romanus</span> <span class='ocrx_word' id='word_1_99' title='bbox 631 1055 745 1105; x_wconf 89' lang='lat' dir='ltr'>diversis</span> <span class='ocrx_word' id='word_1_100' title='bbox 755 1055 872 1117; x_wconf 85' lang='lat' dir='ltr'>artibus,</span> <span class='ocrx_word' id='word_1_101' title='bbox 891 1056 942 1104; x_wconf 90' lang='lat' dir='ltr'>mi·</span> 
     </span>
     <span class='ocr_line' id='line_1_16' title="bbox 137 1123 941 1190; baseline -0.006 -12"><span class='ocrx_word' id='word_1_102' title='bbox 137 1124 290 1178; x_wconf 83' lang='lat' dir='ltr'>scricordia</span> <span class='ocrx_word' id='word_1_103' title='bbox 306 1123 440 1174; x_wconf 86' lang='lat' dir='ltr'>adversus</span> <span class='ocrx_word' id='word_1_104' title='bbox 459 1124 607 1190; x_wconf 88' lang='lat' dir='ltr'>supplices,</span> <span class='ocrx_word' id='word_1_105' title='bbox 644 1123 789 1174; x_wconf 87' lang='lat' dir='ltr'>celeritate</span> <span class='ocrx_word' id='word_1_106' title='bbox 808 1123 941 1174; x_wconf 88' lang='lat' dir='ltr'>adversus</span> 
     </span>
     <span class='ocr_line' id='line_1_17' title="bbox 137 1191 941 1262; baseline -0.004 -17"><span class='ocrx_word' id='word_1_107' title='bbox 137 1192 284 1262; x_wconf 80' lang='lat' dir='ltr'>profugos,</span> <span class='ocrx_word' id='word_1_108' title='bbox 314 1192 418 1242; x_wconf 90' lang='lat' dir='ltr'>inmitis</span> <span class='ocrx_word' id='word_1_109' title='bbox 428 1192 475 1254; x_wconf 89' lang='lat' dir='ltr'>iis,</span> <span class='ocrx_word' id='word_1_110' title='bbox 502 1194 547 1257; x_wconf 91' lang='lat' dir='ltr'>qui</span> <span class='ocrx_word' id='word_1_111' title='bbox 559 1192 679 1242; x_wconf 87' lang='lat' dir='ltr'>latebras</span> <span class='ocrx_word' id='word_1_112' title='bbox 690 1191 866 1253; x_wconf 84' lang='lat' dir='ltr'>insederant,</span> <span class='ocrx_word' id='word_1_113' title='bbox 889 1205 941 1242; x_wconf 85' lang='lat' dir='ltr'>ora</span> 
     </span>
     <span class='ocr_line' id='line_1_18' title="bbox 138 1260 940 1327; baseline -0.009 -11"><span class='ocrx_word' id='word_1_114' title='bbox 138 1267 168 1316; x_wconf 89' lang='lat' dir='ltr'>et</span> <span class='ocrx_word' id='word_1_115' title='bbox 178 1264 268 1314; x_wconf 87' lang='lat' dir='ltr'>exitus</span> <span class='ocrx_word' id='word_1_116' title='bbox 279 1275 418 1326; x_wconf 84' lang='lat' dir='ltr'>specuum,</span> <span class='ocrx_word' id='word_1_117' title='bbox 429 1262 575 1311; x_wconf 87' lang='lat' dir='ltr'>sarmentis</span> <span class='ocrx_word' id='word_1_118' title='bbox 586 1260 765 1327; x_wconf 82' lang='lat' dir='ltr'>virgultisque</span> <span class='ocrx_word' id='word_1_119' title='bbox 777 1260 940 1326; x_wconf 88' lang='lat' dir='ltr'>completus,</span> 
     </span>
     <span class='ocr_line' id='line_1_19' title="bbox 137 1328 943 1399; baseline -0.005 -17"><span class='ocrx_word' id='word_1_120' title='bbox 137 1333 196 1399; x_wconf 88' lang='lat' dir='ltr'>igni</span> <span class='ocrx_word' id='word_1_121' title='bbox 209 1330 309 1382; x_wconf 83' lang='lat' dir='ltr'>exurit.</span> <span class='ocrx_word' id='word_1_122' title='bbox 336 1329 425 1396; x_wconf 83' lang='lat' dir='ltr'>Atque</span> <span class='ocrx_word' id='word_1_123' title='bbox 436 1329 523 1391; x_wconf 92' lang='lat' dir='ltr'>illum,</span> <span class='ocrx_word' id='word_1_124' title='bbox 534 1331 602 1380; x_wconf 90' lang='lat' dir='ltr'>fines</span> <span class='ocrx_word' id='word_1_125' title='bbox 612 1343 676 1378; x_wconf 90' lang='lat' dir='ltr'>suos</span> <span class='ocrx_word' id='word_1_126' title='bbox 688 1328 943 1395; x_wconf 87' lang='lat' dir='ltr'>praegredientem,</span> 
     </span>
     <span class='ocr_line' id='line_1_20' title="bbox 138 1397 942 1464; baseline -0.001 -14"><span class='ocrx_word' id='word_1_127' title='bbox 138 1401 315 1452; x_wconf 88' lang='lat' dir='ltr'>incursavere</span> <span class='ocrx_word' id='word_1_128' title='bbox 326 1397 433 1461; x_wconf 84' lang='lat' dir='ltr'>Mardi,</span> <span class='ocrx_word' id='word_1_129' title='bbox 459 1397 614 1448; x_wconf 89' lang='lat' dir='ltr'>latrociniis</span> <span class='ocrx_word' id='word_1_130' title='bbox 626 1398 757 1459; x_wconf 87' lang='lat' dir='ltr'>exerciti,</span> <span class='ocrx_word' id='word_1_131' title='bbox 773 1400 942 1464; x_wconf 85' lang='lat' dir='ltr'>&#39;contraque</span> 
     </span>
    </p>

    <p class='ocr_par' dir='ltr' id='par_1_4' title="bbox 51 1463 945 1673">
     <span class='ocr_line' id='line_1_21' title="bbox 51 1463 945 1535; baseline -0.008 -13"><span class='ocrx_word' id='word_1_132' title='bbox 51 1471 53 1473; x_wconf 70' lang='grc'><strong><em>’</em></strong></span> <span class='ocrx_word' id='word_1_133' title='bbox 138 1473 341 1535; x_wconf 88' lang='lat' dir='ltr'>inrumpentem</span> <span class='ocrx_word' id='word_1_134' title='bbox 352 1467 490 1518; x_wconf 89' lang='lat' dir='ltr'>montibus</span> <span class='ocrx_word' id='word_1_135' title='bbox 506 1466 621 1519; x_wconf 87' lang='lat' dir='ltr'>defensi.</span> <span class='ocrx_word' id='word_1_136' title='bbox 658 1481 728 1533; x_wconf 91' lang='lat' dir='ltr'>quos</span> <span class='ocrx_word' id='word_1_137' title='bbox 744 1463 880 1528; x_wconf 79' lang='lat' dir='ltr'>Co&#39;rbulo,</span> <span class='ocrx_word' id='word_1_138' title='bbox 901 1467 945 1516; x_wconf 91' lang='lat' dir='ltr'>in·</span> 
     </span>
     <span class='ocr_line' id='line_1_22' title="bbox 138 1534 944 1601; baseline -0.006 -11"><span class='ocrx_word' id='word_1_139' title='bbox 138 1540 229 1590; x_wconf 88' lang='lat' dir='ltr'>missis</span> <span class='ocrx_word' id='word_1_140' title='bbox 245 1538 372 1599; x_wconf 86' lang='lat' dir='ltr'>Hiberis,</span> <span class='ocrx_word' id='word_1_141' title='bbox 391 1538 523 1598; x_wconf 89' lang='lat' dir='ltr'>vastavit,</span> <span class='ocrx_word' id='word_1_142' title='bbox 542 1534 725 1601; x_wconf 85' lang='lat' dir='ltr'>hostilemque</span> <span class='ocrx_word' id='word_1_143' title='bbox 740 1534 886 1586; x_wconf 87' lang='lat' dir='ltr'>audaciam</span> <span class='ocrx_word' id='word_1_144' title='bbox 896 1548 944 1587; x_wconf 82' lang='lat' dir='ltr'>ex·</span> 
     </span>
     <span class='ocr_line' id='line_1_23' title="bbox 138 1604 511 1673; baseline -0.021 -12"><span class='ocrx_word' id='word_1_145' title='bbox 138 1614 220 1661; x_wconf 84' lang='lat' dir='ltr'>terno</span> <span class='ocrx_word' id='word_1_146' title='bbox 231 1608 364 1673; x_wconf 87' lang='lat' dir='ltr'>sanguine</span> <span class='ocrx_word' id='word_1_147' title='bbox 374 1604 450 1655; x_wconf 90' lang='lat' dir='ltr'>ultus</span> <span class='ocrx_word' id='word_1_148' title='bbox 461 1610 511 1657; x_wconf 87' lang='lat' dir='ltr'>est.</span> 
     </span>
    </p>

    <p class='ocr_par' dir='ltr' id='par_1_5' title="bbox 141 1670 948 2085">
     <span class='ocr_line' id='line_1_24' title="bbox 192 1670 944 1738; baseline -0.005 -11"><span class='ocrx_word' id='word_1_149' title='bbox 192 1676 294 1727; x_wconf 86' lang='lat' dir='ltr'>XXIV.</span> <span class='ocrx_word' id='word_1_150' title='bbox 313 1674 374 1738; x_wconf 85' lang='lat' dir='ltr'>lpse</span> <span class='ocrx_word' id='word_1_151' title='bbox 395 1674 601 1738; x_wconf 85' lang='lat' dir='ltr'>exercitusque,</span> <span class='ocrx_word' id='word_1_152' title='bbox 630 1675 663 1721; x_wconf 88' lang='lat' dir='ltr'>nt</span> <span class='ocrx_word' id='word_1_153' title='bbox 681 1670 766 1721; x_wconf 87' lang='lat' dir='ltr'>nullis</span> <span class='ocrx_word' id='word_1_154' title='bbox 781 1685 816 1722; x_wconf 86' lang='lat' dir='ltr'>ex</span> <span class='ocrx_word' id='word_1_155' title='bbox 833 1670 944 1736; x_wconf 86' lang='lat' dir='ltr'>proelio</span> 
     </span>
     <span class='ocr_line' id='line_1_25' title="bbox 141 1737 946 1807; baseline -0.007 -11"><span class='ocrx_word' id='word_1_156' title='bbox 141 1744 313 1804; x_wconf 88' lang='lat' dir='ltr'>damnis,.ita</span> <span class='ocrx_word' id='word_1_157' title='bbox 324 1755 372 1807; x_wconf 89' lang='lat' dir='ltr'>per</span> <span class='ocrx_word' id='word_1_158' title='bbox 382 1742 501 1806; x_wconf 90' lang='lat' dir='ltr'>inopiam</span> <span class='ocrx_word' id='word_1_159' title='bbox 514 1747 542 1791; x_wconf 90' lang='lat' dir='ltr'>et</span> <span class='ocrx_word' id='word_1_160' title='bbox 552 1738 661 1791; x_wconf 87' lang='lat' dir='ltr'>labores</span> <span class='ocrx_word' id='word_1_161' title='bbox 672 1737 845 1801; x_wconf 81' lang='lat' dir='ltr'>fatiscebant,</span> <span class='ocrx_word' id='word_1_162' title='bbox 857 1753 946 1791; x_wconf 87' lang='lat' dir='ltr'>carne</span> 
     </span>
     <span class='ocr_line' id='line_1_26' title="bbox 141 1806 946 1881; baseline -0.009 -16"><span class='ocrx_word' id='word_1_163' title='bbox 141 1813 276 1881; x_wconf 90' lang='lat' dir='ltr'>pecudum</span> <span class='ocrx_word' id='word_1_164' title='bbox 291 1809 455 1875; x_wconf 89' lang='lat' dir='ltr'>propulsare</span> <span class='ocrx_word' id='word_1_165' title='bbox 470 1807 570 1859; x_wconf 87' lang='lat' dir='ltr'>famem</span> <span class='ocrx_word' id='word_1_166' title='bbox 586 1806 687 1857; x_wconf 87' lang='lat' dir='ltr'>adacti.</span> <span class='ocrx_word' id='word_1_167' title='bbox 712 1808 764 1859; x_wconf 63' lang='lat' dir='ltr'>ild</span> <span class='ocrx_word' id='word_1_168' title='bbox 780 1807 946 1874; x_wconf 88' lang='lat' dir='ltr'>baecpenu-</span> 
     </span>
     <span class='ocr_line' id='line_1_27' title="bbox 141 1875 944 1945; baseline -0.006 -13"><span class='ocrx_word' id='word_1_169' title='bbox 141 1882 297 1945; x_wconf 86' lang='lat' dir='ltr'>riaaquac,</span> <span class='ocrx_word' id='word_1_170' title='bbox 326 1876 433 1929; x_wconf 91' lang='lat' dir='ltr'>fervida</span> <span class='ocrx_word' id='word_1_171' title='bbox 444 1881 551 1938; x_wconf 89' lang='lat' dir='ltr'>aestas,</span> <span class='ocrx_word' id='word_1_172' title='bbox 579 1875 730 1942; x_wconf 86' lang='lat' dir='ltr'>longinqua</span> <span class='ocrx_word' id='word_1_173' title='bbox 740 1877 855 1939; x_wconf 91' lang='lat' dir='ltr'>itinera,</span> <span class='ocrx_word' id='word_1_174' title='bbox 881 1876 944 1927; x_wconf 86' lang='lat' dir='ltr'>sola</span> 
     </span>
     <span class='ocr_line' id='line_1_28' title="bbox 142 1944 948 2014; baseline -0.005 -14"><span class='ocrx_word' id='word_1_175' title='bbox 142 1950 229 2001; x_wconf 82' lang='lat' dir='ltr'>Ducis</span> <span class='ocrx_word' id='word_1_176' title='bbox 240 1948 375 2014; x_wconf 90' lang='lat' dir='ltr'>patientia</span> <span class='ocrx_word' id='word_1_177' title='bbox 383 1946 598 2013; x_wconf 88' lang='lat' dir='ltr'>mitigabantur,</span> <span class='ocrx_word' id='word_1_178' title='bbox 627 1945 724 1995; x_wconf 90' lang='lat' dir='ltr'>ecdem</span> <span class='ocrx_word' id='word_1_179' title='bbox 736 1944 831 2010; x_wconf 90' lang='lat' dir='ltr'>plura,</span> <span class='ocrx_word' id='word_1_180' title='bbox 860 1960 948 2012; x_wconf 86' lang='lat' dir='ltr'>quam</span> 
     </span>
     <span class='ocr_line' id='line_1_29' title="bbox 143 2012 948 2085; baseline -0.006 -16"><span class='ocrx_word' id='word_1_181' title='bbox 143 2018 270 2085; x_wconf 83' lang='lat' dir='ltr'>gregario</span> <span class='ocrx_word' id='word_1_182' title='bbox 281 2014 384 2076; x_wconf 88' lang='lat' dir='ltr'>milite,</span> <span class='ocrx_word' id='word_1_183' title='bbox 403 2014 550 2065; x_wconf 87' lang='lat' dir='ltr'>tolerante.</span> <span class='ocrx_word' id='word_1_184' title='bbox 590 2012 708 2065; x_wconf 86' lang='lat' dir='ltr'>Ventum</span> <span class='ocrx_word' id='word_1_185' title='bbox 720 2012 819 2064; x_wconf 87' lang='lat' dir='ltr'>dehinc</span> <span class='ocrx_word' id='word_1_186' title='bbox 828 2015 855 2063; x_wconf 91' lang='lat' dir='ltr'>in</span> <span class='ocrx_word' id='word_1_187' title='bbox 866 2014 948 2064; x_wconf 86' lang='lat' dir='ltr'>locos</span> 
     </span>
    </p>

    <p class='ocr_par' dir='ltr' id='par_1_6' title="bbox 63 2081 948 2222">
     <span class='ocr_line' id='line_1_30' title="bbox 63 2081 948 2152; baseline -0.008 -14"><span class='ocrx_word' id='word_1_188' title='bbox 63 2087 69 2097; x_wconf 92' lang='lat'><em>&#39;</em></span> <span class='ocrx_word' id='word_1_189' title='bbox 144 2086 243 2147; x_wconf 88' lang='lat' dir='ltr'>cultos,</span> <span class='ocrx_word' id='word_1_190' title='bbox 262 2083 459 2150; x_wconf 88' lang='lat' dir='ltr'>demessaeque</span> <span class='ocrx_word' id='word_1_191' title='bbox 469 2088 591 2149; x_wconf 86' lang='lat' dir='ltr'>segetes,</span> <span class='ocrx_word' id='word_1_192' title='bbox 611 2087 640 2152; x_wconf 77' lang='lat' dir='ltr'>et</span> <span class='ocrx_word' id='word_1_193' title='bbox 650 2098 685 2134; x_wconf 83' lang='lat' dir='ltr'>ex</span> <span class='ocrx_word' id='word_1_194' title='bbox 695 2082 801 2133; x_wconf 87' lang='lat' dir='ltr'>duobus</span> <span class='ocrx_word' id='word_1_195' title='bbox 812 2081 948 2145; x_wconf 85' lang='lat' dir='ltr'>castellis,</span> 
     </span>
     <span class='ocr_line' id='line_1_31' title="bbox 141 2150 948 2222; baseline -0.009 -15"><span class='ocrx_word' id='word_1_196' title='bbox 141 2157 171 2207; x_wconf 92' lang='lat' dir='ltr'>in</span> <span class='ocrx_word' id='word_1_197' title='bbox 183 2168 252 2222; x_wconf 90' lang='lat' dir='ltr'>quae</span> <span class='ocrx_word' id='word_1_198' title='bbox 264 2150 579 2219; x_wconf 69' lang='lat' dir='ltr'>conmgernntarmenii,</span> <span class='ocrx_word' id='word_1_199' title='bbox 590 2151 709 2203; x_wconf 88' lang='lat' dir='ltr'>alterum</span> <span class='ocrx_word' id='word_1_200' title='bbox 720 2152 815 2218; x_wconf 91' lang='lat' dir='ltr'>inpetu</span> <span class='ocrx_word' id='word_1_201' title='bbox 821 2155 948 2217; x_wconf 84' lang='lat' dir='ltr'>captum·;</span> 
     </span>
    </p>
   </div>
   <div class='ocr_carea' id='block_1_3' title="bbox 75 2218 948 2630">
    <p class='ocr_par' dir='ltr' id='par_1_7' title="bbox 142 2218 948 2423">
     <span class='ocr_line' id='line_1_32' title="bbox 144 2218 948 2291; baseline -0.002 -18"><span class='ocrx_word' id='word_1_202' title='bbox 144 2226 190 2291; x_wconf 90' lang='lat' dir='ltr'>qui</span> <span class='ocrx_word' id='word_1_203' title='bbox 210 2222 325 2288; x_wconf 89' lang='lat' dir='ltr'>primam</span> <span class='ocrx_word' id='word_1_204' title='bbox 344 2221 400 2270; x_wconf 91' lang='lat' dir='ltr'>vim</span> <span class='ocrx_word' id='word_1_205' title='bbox 413 2220 599 2286; x_wconf 76' lang='lat' dir='ltr'>depulerant,</span> <span class='ocrx_word' id='word_1_206' title='bbox 635 2218 777 2271; x_wconf 89' lang='lat' dir='ltr'>obsidione</span> <span class='ocrx_word' id='word_1_207' title='bbox 797 2225 948 2287; x_wconf 87' lang='lat' dir='ltr'>coguntur.</span> 
     </span>
     <span class='ocr_line' id='line_1_33' title="bbox 142 2289 944 2355; baseline -0.005 -12"><span class='ocrx_word' id='word_1_208' title='bbox 142 2291 223 2343; x_wconf 88' lang='lat' dir='ltr'>Vnde</span> <span class='ocrx_word' id='word_1_209' title='bbox 233 2291 262 2338; x_wconf 91' lang='lat' dir='ltr'>in</span> <span class='ocrx_word' id='word_1_210' title='bbox 272 2289 412 2355; x_wconf 83' lang='lat' dir='ltr'>regionem</span> <span class='ocrx_word' id='word_1_211' title='bbox 423 2290 607 2339; x_wconf 89' lang='lat' dir='ltr'>Taurantium</span> <span class='ocrx_word' id='word_1_212' title='bbox 617 2295 808 2355; x_wconf 88' lang='lat' dir='ltr'>transgressus</span> <span class='ocrx_word' id='word_1_213' title='bbox 814 2325 822 2351; x_wconf 90' lang='lat'>,</span> <span class='ocrx_word' id='word_1_214' title='bbox 851 2289 944 2354; x_wconf 84' lang='lat' dir='ltr'>inpro-</span> 
     </span>
     <span class='ocr_line' id='line_1_34' title="bbox 143 2355 946 2423; baseline 0 -16"><span class='ocrx_word' id='word_1_215' title='bbox 143 2359 231 2407; x_wconf 84' lang='lat' dir='ltr'>visum</span> <span class='ocrx_word' id='word_1_216' title='bbox 242 2356 395 2422; x_wconf 87' lang='lat' dir='ltr'>periculum</span> <span class='ocrx_word' id='word_1_217' title='bbox 407 2357 512 2406; x_wconf 89' lang='lat' dir='ltr'>vitavit.</span> <span class='ocrx_word' id='word_1_218' title='bbox 548 2355 702 2408; x_wconf 88' lang='lat' dir='ltr'>Nambaud</span> <span class='ocrx_word' id='word_1_219' title='bbox 713 2357 810 2423; x_wconf 92' lang='lat' dir='ltr'>procul</span> <span class='ocrx_word' id='word_1_220' title='bbox 820 2357 946 2408; x_wconf 84' lang='lat' dir='ltr'>tentorio</span> 
     </span>
    </p>

    <p class='ocr_par' dir='ltr' id='par_1_8' title="bbox 75 2423 948 2630">
     <span class='ocr_line' id='line_1_35' title="bbox 75 2423 946 2491; baseline -0.002 -14"><span class='ocrx_word' id='word_1_221' title='bbox 75 2452 79 2459; x_wconf 90' lang='lat'>·</span> <span class='ocrx_word' id='word_1_222' title='bbox 144 2427 216 2487; x_wconf 89' lang='lat' dir='ltr'>eins,</span> <span class='ocrx_word' id='word_1_223' title='bbox 244 2438 298 2473; x_wconf 86' lang='lat' dir='ltr'>non</span> <span class='ocrx_word' id='word_1_224' title='bbox 310 2424 440 2491; x_wconf 87' lang='lat' dir='ltr'>ignobilis</span> <span class='ocrx_word' id='word_1_225' title='bbox 450 2423 585 2475; x_wconf 87' lang='lat' dir='ltr'>barbarus</span> <span class='ocrx_word' id='word_1_226' title='bbox 597 2442 657 2476; x_wconf 90' lang='lat' dir='ltr'>eum</span> <span class='ocrx_word' id='word_1_227' title='bbox 667 2427 725 2477; x_wconf 93' lang='lat' dir='ltr'>telo</span> <span class='ocrx_word' id='word_1_228' title='bbox 736 2431 876 2491; x_wconf 87' lang='lat' dir='ltr'>repertus,</span> <span class='ocrx_word' id='word_1_229' title='bbox 901 2440 946 2476; x_wconf 89' lang='lat' dir='ltr'>or-</span> 
     </span>
     <span class='ocr_line' id='line_1_36' title="bbox 100 2491 948 2559; baseline 0.004 -16"><span class='ocrx_word' id='word_1_230' title='bbox 100 2509 103 2543; x_wconf 84' lang='grc' dir='ltr'>ι</span> <span class='ocrx_word' id='word_1_231' title='bbox 144 2494 236 2546; x_wconf 91' lang='lat' dir='ltr'>dinem</span> <span class='ocrx_word' id='word_1_232' title='bbox 246 2492 421 2555; x_wconf 88' lang='lat' dir='ltr'>insidiarum,</span> <span class='ocrx_word' id='word_1_233' title='bbox 441 2507 526 2559; x_wconf 90' lang='lat' dir='ltr'>seque</span> <span class='ocrx_word' id='word_1_234' title='bbox 537 2491 720 2546; x_wconf 80' lang='lat' dir='ltr'>auctorem-et</span> <span class='ocrx_word' id='word_1_235' title='bbox 728 2496 817 2557; x_wconf 85' lang='lat' dir='ltr'>socios</span> <span class='ocrx_word' id='word_1_236' title='bbox 828 2508 878 2559; x_wconf 86' lang='lat' dir='ltr'>per</span> <span class='ocrx_word' id='word_1_237' title='bbox 888 2500 948 2546; x_wconf 87' lang='lat' dir='ltr'>tor.-</span> 
     </span>
     <span class='ocr_line' id='line_1_37' title="bbox 143 2560 947 2630; baseline 0.004 -17"><span class='ocrx_word' id='word_1_238' title='bbox 143 2569 238 2614; x_wconf 84' lang='lat' dir='ltr'>mcnta</span> <span class='ocrx_word' id='word_1_239' title='bbox 249 2560 348 2625; x_wconf 86' lang='lat' dir='ltr'>edidit,</span> <span class='ocrx_word' id='word_1_240' title='bbox 374 2561 544 2629; x_wconf 85' lang='lat' dir='ltr'>convictique</span> <span class='ocrx_word' id='word_1_241' title='bbox 555 2568 584 2615; x_wconf 89' lang='lat' dir='ltr'>et</span> <span class='ocrx_word' id='word_1_242' title='bbox 592 2564 682 2630; x_wconf 87' lang='lat' dir='ltr'>puniti</span> <span class='ocrx_word' id='word_1_243' title='bbox 692 2568 769 2626; x_wconf 90' lang='lat' dir='ltr'>sunt,</span> <span class='ocrx_word' id='word_1_244' title='bbox 794 2563 839 2630; x_wconf 93' lang='lat' dir='ltr'>qui</span> <span class='ocrx_word' id='word_1_245' title='bbox 850 2564 947 2630; x_wconf 83' lang='lat' dir='ltr'>specie</span> 
     </span>
    </p>
   </div>
   <div class='ocr_carea' id='block_1_4' title="bbox 0 0 1031 3025">
    <p class='ocr_par' dir='ltr' id='par_1_9' title="bbox 0 0 1031 3025">
     <span class='ocr_line' id='line_1_38' title="bbox 0 0 1031 3025; baseline 0 0"><span class='ocrx_word' id='word_1_246' title='bbox 0 0 1031 3025; x_wconf 95' lang='lat' dir='ltr'> </span> 
     </span>
    </p>
   </div>
  </div>
 </body>
</html>
