2034 3025
102 128 105 132 ’
174 120 224 175 uo
284 115 589 175 ursuomunvu
623 120 915 195 [n.v.e23.l.o70.]

224 241 250 277 m
265 226 324 279 illie
337 241 370 280 ac
386 225 569 280 favorabilem
590 228 821 279 Proconsulatum
841 231 1001 296 vitellius,

129 341 135 349 ,
169 241 306 351 mosum
325 296 508 365 invisumque,
527 299 716 364 Vespasianus
735 302 845 365 egeratz
869 304 1000 367 perinde

169 368 239 419 socii
252 366 294 423 de.
303 368 424 434 imperio
439 368 583 436 utriusque
594 368 795 421 coniectabant.
832 370 887 421 sed
909 386 999 439 expe-

169 438 319 494 rimentum
328 441 427 489 cantra
440 435 501 487 fuit.

222 506 344 559 xcviii
379 508 419 559 Ac
437 508 526 571 primo
547 504 676 561 Valerius
699 506 813 569 Festus,
845 506 995 577 Legatos,

92 574 95 580 '
169 576 264 628 studia
282 576 492 641 provincialium
506 590 570 627 cum
587 576 642 628 lide
656 577 733 628 iuvit.
770 590 836 627 niox
854 582 994 642 nutabat,

66 643 70 647 ’
170 645 260 713 palam
270 645 397 711 epistolis
408 644 561 713 edictisque
572 644 728 710 Vitellium,
748 644 866 697 occultis
876 652 993 700 nuntiis

148 711 151 717 ’
169 713 377 781 Vespasianum,
387 714 528 778 serenaret
538 714 606 767 baec
615 715 697 766 illave
709 714 888 779 defensurus,
901 728 991 784 prout

161 783 357 836 invaluissent
392 784 565 857 Deprehensi
576 799 637 835 cum
650 785 750 839 litteris
761 784 929 853 edictisque
941 788 990 841 Ve

168 852 298 919 spasiani,
316 867 367 919 per
377 852 522 906 Rhoetiam
535 860 562 907 et
573 854 694 916 Gallias,
709 854 825 905 militum
838 862 870 906 et
882 858 988 909 Cento·

120 942 121 949 ¹
167 924 277 975 rionum
287 922 406 991 quddam,
413 923 452 975 ad
462 924 607 976 Vitellium
619 924 704 987 missi,
715 930 864 975 necanturs
886 926 988 992 plures

168 990 308 1054 fefellere,
326 993 383 1044 lide
394 995 561 1057 amicorum,
581 998 631 1044 aut
640 999 751 1045 suomet
760 1000 823 1047 astu
834 996 987 1049 occultati.

168 1060 329 1115 ltaVitellii
339 1063 986 1130 paratissnoscebantur‚Vespasianiconsilio

169 1146 231 1183 rum
242 1132 374 1200 pleraque
388 1135 496 1201 ignota:
517 1136 634 1199 primum
650 1131 917 1199 socordiaVitellii3
940 1138 984 1189 de·

168 1200 234 1253 inde
247 1200 422 1255 Pannonicae
434 1205 531 1271 Alpes,
551 1202 697 1268 praesidiis
708 1205 845 1265 insessae,
865 1208 982 1257 nuntios

77 1277 81 1284 “
168 1271 333 1323 retinebant
368 1288 445 1325 mare
460 1287 571 1341 quoque
586 1272 743 1324 Etesiarum
758 1271 826 1324 ilatu
841 1273 980 1328 in0rien·

166 1348 224 1393 tem
236 1342 601 1409 navigantibussecundum,
612 1342 678 1393 inde
687 1342 831 1395 adversum
844 1350 919 1395 erat

220 1412 317 1463 XCIX.
352 1413 492 1476 Tandem,
512 1413 671 1479 inruptione
681 1411 813 1476 hostium,
832 1414 978 1466 atrocibus

168 1481 289 1550 undique
299 1482 403 1534 nuntiis
413 1484 574 1548 exterritus,
584 1483 728 1536 Caecinam
740 1480 924 1536 etValentem
937 1500 980 1537 ex*

166 1551 422 1618 pedireedbellum
432 1555 517 1606 iubet.
555 1553 978 1619 praemissusrcaecianalen·

165 1625 232 1686 tem,
252 1621 356 1688 egravi
370 1625 496 1688 corporis
510 1623 609 1674 morbo
621 1628 681 1674 tum
693 1621 810 1688 primurn
826 1623 979 1692 adsurgen-

165 1695 236 1754 tem,
255 1692 402 1751 infirmitas
418 1693 559 1757 tardabat.
595 1692 692 1758 Longe
708 1691 765 1742 alia
775 1692 978 1758 proficiscentis

166 1774 201 1812 ex
211 1758 281 1811 urbe
295 1758 454 1810 Germanici
469 1763 607 1813 exereitus
622 1761 739 1824 species:
760 1775 815 1810 non
825 1761 909 1829 vigor
920 1779 978 1816 eor·

166 1829 289 1896 poribus,
303 1843 364 1878 -aon
374 1828 461 1879 ardor
468 1828 585 1880 animis:
604 1828 710 1880 lentum
721 1835 853 1882 etrarum
866 1847 977 1900 agmen,

164 1897 241 1951 ssusa
259 1911 346 1958 arma,
365 1912 464 1964 segnes
484 1899 561 1964 equi:
582 1898 721 1962 inpatiens
740 1900 820 1962 solis,
840 1901 976 1968 pulveris,

166 1969 378 2032 tempestatum:
407 1972 598 2034 quantumque
618 1965 703 2018 hebes
724 1969 759 2020 ad
780 1972 975 2024 sustinendum

144 2055 150 2061 ·
165 2033 290 2086 laborem
305 2035 398 2096 miles,
411 2040 497 2086 -tanto
513 2036 547 2087 ad
562 2036 716 2088 discordias
727 2040 889 2106 promptior.
928 2043 976 2094 Aa·

165 2103 281 2155 cedebat
300 2101 352 2155 buc
364 2105 499 2156 &eduae
514 2107 627 2157 ambitio
643 2113 731 2169 vetus,
750 2113 849 2175 torpor
867 2125 976 2177 recens,

165 2172 249 2224 nimia
259 2171 389 2225 fortunae
399 2173 574 2242 indulgentia
588 2177 673 2227 soluti
684 2176 834 2228 inluxum:
850 2185 900 2230 seu
912 2195 974 2246 per·

164 2243 259 2296 fidiam
267 2243 429 2296 meditantis
439 2244 592 2314 infringere
602 2248 975 2310 exercitusvirtuteminter

164 2316 242 2365 artes
250 2319 319 2366 erat
355 2314 503 2368 credidere
514 2316 657 2384 plerique,
676 2315 762 2368 Flavii
779 2315 972 2378 Sabiniconsi·

165 2382 210 2433 liis
221 2396 383 2440 concussam
393 2384 529 2436 Caecinae
539 2387 801 2448 mentem,ministro
813 2401 971 2439 sermonum

98 2477 116 2523 χ
164 2451 272 2504 Rubrio
290 2451 385 2513 Gallo,
403 2460 470 2504 rata
493 2447 571 2520 opud
591 2453 785 2522 Vespasianum
803 2455 870 2526 fore
885 2459 971 2522 pocta

164 2519 343 2572 manationis.
361 2521 444 2572 simul
454 2521 581 2574 odiorum
592 2523 766 2590 invidiaeque
777 2537 845 2590 erga
855 2523 969 2576 Fabium

167 2587 313 2640 Valentem
332 2589 548 2652 admonebatur,
576 2599 608 2642 at
627 2591 709 2657 inpar
728 2591 802 2656 apud
825 2589 970 2657 Vitellium,

68 2715 70 2718 Ι
159 2655 286 2727 μήπω
293 2655 417 2726 circaque
428 2659 501 2724 opud
514 2674 610 2712 novum
619 2657 777 2726 Principem
783 2668 907 2725 pararet.
