2034 3025
158 113 556 206 eroaraavm
571 116 721 186 [avana.
731 117 870 189 A.C.7o.]

156 230 231 268 mam
252 212 456 275 nssloram)tot
474 212 618 263 fortissimi
636 215 860 280 riri,preditoris
880 232 970 285 opem

154 286 323 336 invocantes.
367 295 433 333 mox
449 281 607 333 velamenta
631 287 660 333 et
678 282 781 334 insulas
800 298 853 349 pro
874 292 970 341 muris

155 356 306 405 ostentant.
343 352 409 400 Cum
421 349 555 401 Antonius
569 349 686 402 inhiberi
699 353 755 402 tela
769 354 911 415 iussisset,
933 360 970 407 si.

192 437 211 472 a
220 420 380 489 aquilasque
391 418 530 469 extulere:
547 426 682 470 moestum
693 420 838 471 inermium
853 437 969 489 agonen,

154 437 268 545 ffiiectis
279 490 306 539 in
322 494 426 540 terram
440 486 539 549 oculis,
558 489 734 555 sequebatur.
771 492 969 547 Circumstite·

155 567 218 611 raut
229 560 355 620 victores,
375 562 404 609 et
421 556 510 623 primo
530 556 693 623 ingerebant
710 558 819 624 probra,
840 561 959 613 intenta

154 629 223 680 baut
241 629 325 678 ictusr
345 639 424 687 mox,
444 630 476 675 ut
494 626 622 691 praeberi
643 640 693 677 ora
713 627 907 691 contumeliis,
930 638 969 694 et,

154 698 245 765 posita
256 696 330 745 omni
341 694 459 756 ferocia,
478 701 579 747 cuncta
594 696 659 747 victi
675 695 868 761 patiebantur,
889 700 969 750 subit

154 764 327 824 recordatio,
345 763 410 813 illos
426 777 499 825 esse,
519 766 565 831 qui
581 778 668 829 nuper
682 763 811 814 Bedriaci
825 766 968 820 victoriae

155 836 366 898 temperassent.
403 829 473 894 Sed,
491 832 538 882 ubi
550 833 681 894 Caecina,
702 834 966 897 praetextalictori·

155 902 260 967 busque
271 900 393 966 insignis,
412 900 518 953 dimota
527 901 617 963 turba,
637 900 737 952 Consul
746 902 870 965 incessit,
886 920 967 955 exar-

155 984 218 1022 sere
232 970 363 1020 rictoresr
382 968 536 1036 superbiam
554 964 744 1035 saevitiamque
764 970 847 1033 (adeo
874 974 966 1025 inrisa

155 1038 348 1099 scelerasunt)
360 1037 605 1107 etiamperfidiunr,
626 1038 807 1090 obiectabant.
846 1040 967 1092 Obstitit

154 1108 303 1229 fflwm’
324 1106 451 1174 datisque
470 1105 676 1171 defensoribus,
699 1107 735 1158 ad
755 1106 963 1174 Vespasianum

177 1177 269 1225 'risit
514 1210 517 1221 .

189 1244 303 1295 xxxtl.
317 1241 398 1295 Plebs
407 1242 518 1296 interim
524 1244 965 1297 Creumnensiuminterarmatos

155 1312 375 1367 conflictabatur.
397 1328 448 1365 nee
459 1312 558 1380 procul
569 1314 653 1365 caede
664 1315 788 1372 aberant,
802 1328 864 1365 curn
876 1316 964 1380 preci-

155 1383 209 1435 bus
219 1383 329 1435 Ducum
340 1382 625 1449 mitigatusestmiles.
638 1385 674 1434 Et
684 1388 798 1434 vocatos
809 1381 845 1433 ad
854 1385 964 1434 concio·

156 1467 221 1505 uem
229 1455 365 1506 Antonius
379 1452 552 1521 adloquitur,
571 1453 715 1520 magnifice
724 1454 854 1515 victores,
874 1453 965 1503 rictas
1011 1460 1012 1487 l

108 1543 113 1550 .
157 1523 321 1584 elementer:
342 1523 377 1573 de
388 1524 523 1573 Cremona
533 1524 561 1572 in
571 1527 709 1573 neutrum.
727 1521 873 1573 Exercitus
883 1535 965 1587 prac-

157 1596 203 1644 ter
213 1593 323 1643 insitam
334 1591 484 1658 praedandi
494 1591 657 1658 cupidinem,
675 1595 770 1642 vetere
780 1589 853 1651 odio,
869 1590 908 1641 ad
921 1605 966 1642 er·
1010 1589 1011 1635 l

157 1661 259 1712 cidium
275 1659 501 1712 Cremonensium
517 1660 650 1711 incubuit.
684 1661 788 1709 iuvisse
803 1663 899 1723 partes
917 1659 966 1712 Vi·

156 1728 300 1791 tullianas,
320 1727 658 1796 othonisquoquebello,
678 1728 875 1780 credebantur:
898 1742 966 1778 mox
1009 1713 1010 1781 l

155 1798 411 1858 tertiadecimanos,
420 1798 456 1847 ad
467 1795 663 1847 exstruendum
674 1794 911 1862 arnplritlicatrurn
923 1813 967 1848 re·

130 1863 141 1872 ⁵
156 1866 247 1930 lictus,
266 1873 299 1917 ut
307 1871 372 1916 suut
382 1867 508 1930 procacia
517 1863 639 1918 urbanae
649 1865 736 1930 plebis
746 1865 866 1932 ingenia,
884 1871 968 1930 petu-
1008 1837 1009 1929 l

156 1935 280 1986 lantibus
297 1936 395 2000 iurgiis
409 1932 572 1984 inluserunt.
606 1936 693 1988 Auxit
708 1933 837 1984 invidiam
854 1932 966 1986 editum
1007 1993 1008 2000 ἵ

124 2034 126 2037 ·
154 2003 370 2054 illicaCaecina
384 2001 570 2068 gladiatorum
585 2003 784 2068 spectaculum:
806 2001 967 2070 cademque
1007 2001 1008 2076 l

156 2085 252 2122 rursus
261 2070 329 2122 belli
339 2071 431 2121 sedes:
449 2075 477 2120 ct
487 2069 604 2135 praebiti
615 2071 641 2121 in
652 2074 711 2123 acie
722 2069 881 2124 Vitellianis
893 2071 966 2122 cibit
1006 2105 1007 2108 ,

156 2154 254 2192 caesae
263 2138 399 2206 quaedam
411 2137 635 2200 feminae,studio
645 2143 763 2206 partium
775 2139 810 2190 ad
819 2139 966 2206 proelium

154 2222 328 2278 progressae.
363 2214 748 2276 tempusquoquemereatus,
762 2207 966 2276 ditcmalioqul

47 2325 53 2341 ,
144 2279 307 2344 colomam,
321 2277 456 2330 maiorum
467 2293 548 2345 opum
560 2279 651 2345 specie
663 2279 827 2344 complebat.
864 2275 964 2330 Ceteri

156 2347 287 2400 Dircesin
307 2349 437 2398 obscuro:
457 2348 606 2399 Antonium
629 2347 742 2398 fortuna
762 2347 891 2414 famaque
903 2361 966 2399 our·
1005 2341 1006 2369 ¹

155 2416 513 2482 niumoculiscsposuerat.
549 2418 573 2466 is
582 2416 710 2478 balneas,
730 2415 868 2466 abluendo
878 2431 966 2468 cruo-

153 2487 187 2545 ri,
205 2497 324 2550 propere
336 2486 413 2549 petit.
449 2489 565 2550 excepta
574 2499 627 2534 rnx
638 2489 694 2546 est,
713 2499 774 2534 curn
784 2489 912 2550 teporem
923 2487 965 2536 in·

152 2557 271 2613 cnseret,
297 2551 393 2602 statim
438 2559 539 2613 terem,
565 2551 806 2605 retinentescerent.
842 2553 966 2607 vernile

151 2619 256 2670 dictum
267 2633 376 2672 emnem
391 2620 522 2672 iuvidiam
537 2620 566 2670 in
581 2635 643 2672 eum
654 2621 750 2683 vertit,
770 2622 918 2694 umquam
929 2627 967 2681 m·-
1003 2643 1004 2660 r
