2034 3025
145 94 177 144 74
237 92 537 146 ursromnavm
573 80 859 172 [ansianum]

142 202 288 266 paventes:
310 197 431 259 silentio,
451 199 596 263 patientia,
615 205 760 266 postremo
776 201 916 265 precibus
933 217 972 254 ac

88 296 93 309 ι
142 267 274 335 lacrymis
292 269 402 323 veniam
417 268 598 334 quaerebant.
634 269 674 322 vt
687 284 755 319 vero
775 268 919 320 deformis
937 278 971 324 et

142 337 212 390 flens
232 341 260 388 et
279 343 392 404 praeter
415 351 491 403 spem
510 337 656 388 incolumis
682 338 787 389 Valens
807 343 970 404 processit,

142 407 283 475 gaudium,
301 407 453 468 miseratio,
472 406 562 457 favor:
581 409 654 458 versi
664 408 692 458 in
703 407 850 472 laetitiam,
861 413 908 472 (ut
917 417 971 461 est

142 476 242 545 vulgus
252 482 372 542 utroque
381 475 563 536 inmodicum)
578 476 726 528 laudantes
737 484 968 546 gratantesque:

143 546 343 598 circumdatum
355 546 635 614 aquilissignisquein
644 548 769 599 tribunal
777 547 884 598 ferunt.
904 549 969 602 lile

142 616 206 667 utili
219 615 411 666 moderatione
429 630 484 666 non
504 616 671 682 supplicium
691 617 853 684 cuiusquam
868 619 968 684 'popo-

142 687 208 736 scit:
228 699 261 735 ac
271 699 305 736 nc
316 683 492 735 dissimulans
502 688 660 751 suspectior
670 685 753 749 foret,
763 701 870 752 paucos
882 689 967 739 incu-

142 757 224 806 savit:
243 769 345 820 gnarus
358 754 491 806 ¹civilibus
511 755 592 807 bellis
611 755 675 822 plus
695 756 845 820 militibus,
871 773 964 825 quam

141 823 279 885 Ducibus,
298 822 391 874 licere.
855 836 860 845 ·

194 891 283 944 XXX.
319 892 511 945 Munientibus
522 896 615 950 castra
626 895 698 961 apud
709 891 848 957 Ticinum,
861 895 897 947 de
907 897 964 949 ad-

141 977 225 1018 versa
235 962 370 1013 Caecinae
382 977 475 1030 pugna
485 963 619 1029 ablatum,
630 970 659 1016 et
670 979 755 1032 prope
766 970 905 1016 renovata
914 981 964 1018 se-

142 1029 219 1094 ditio,
226 1038 364 1097 tamquam
374 1032 736 1096 fraudeeteunciationibus
750 1033 964 1102 Valentisproe-

141 1099 178 1154 lio
194 1100 351 1172 descissent.
387 1101 471 1154 Nolle
485 1106 623 1171 requiem,
644 1119 699 1155 non
715 1108 882 1170 exspectare
897 1103 962 1155 Du-

142 1185 216 1234 cem,
222 1171 328 1222 anteire
338 1171 425 1238 signa,
435 1187 537 1238 urgere
546 1173 703 1238 signiferos.
731 1172 830 1240 rapido
842 1175 959 1241 agmine

142 1241 277 1292 Caecinae
286 1241 447 1308 iunguntur.
485 1241 650 1308 inprospera
659 1244 787 1296 Valentis
798 1241 958 1309 famaapud

142 1312 294 1362 exercitum
305 1311 438 1362 Caecinae
449 1317 522 1362 erat:
539 1311 673 1384 expositos
682 1328 710 1364 se
721 1322 799 1364 tanto
805 1310 957 1379 pauciores

140 1379 257 1450 integris
267 1378 383 1432 bostium
392 1379 503 1444 viribus,
522 1382 719 1448 querebantur,
738 1383 823 1434 simul
833 1383 862 1433 in
873 1397 954 1433 suam

141 1451 365 1515 excusationem,
386 1455 415 1502 ct
428 1451 637 1501 adventantium
654 1453 741 1502 robur
751 1467 801 1519 per
813 1451 954 1502 adulatio-

141 1536 204 1572 nem
214 1520 391 1584 adtollentes,
409 1536 444 1571 nc
456 1526 487 1570 ut
495 1522 560 1571 victi
571 1525 600 1571 et
608 1523 700 1588 ignari
713 1522 953 1591 despectarentur.

141 1592 178 1643 Et
188 1606 357 1659 quamquam
376 1590 439 1657 plus
459 1592 666 1657 virium,prope
686 1591 845 1657 duplicatus
864 1590 952 1657 legio·

140 1674 207 1711 num
217 1660 440 1728 auxiliorumque
449 1676 581 1711 numerus
590 1665 653 1711 erat
662 1662 786 1724 Valenti,
806 1660 899 1711 studia
909 1664 952 1711 ta-

141 1745 205 1781 men
219 1730 338 1787 militum
357 1730 386 1781 in
406 1722 552 1780 Caecinam
571 1730 756 1795 inclinabant;
775 1737 860 1797 super
874 1729 972 1783 beni-.

133 1800 380 1868 ¹gnitatemanimi,
401 1813 455 1865 qna
465 1800 620 1865 promptior
629 1797 795 1862 habebatur,
816 1800 900 1851 etiam
909 1800 952 1849 vi-

141 1883 210 1937 gore
221 1870 331 1931 aetatis,
351 1870 521 1935 proceritate
541 1871 666 1934 corporis
687 1875 716 1921 et
735 1869 856 1937 quodam
870 1869 953 1919 inani

142 1939 247 1991 favore.
284 1940 360 1989 Hinc
374 1938 523 1993 aemulatio
541 1937 675 1989 Ducibus.
713 1939 832 1990 Caecina
846 1937 952 2009 atfoe·

141 2009 203 2059 dum
213 2015 241 2059 et
250 2010 423 2069 maculosum,
440 2007 489 2058 ille
499 2015 632 2060 utranam
643 2023 676 2060 ac
687 2008 828 2070 tumidam,
846 2007 951 2059 inride-

41 2070 44 2072 ’
86 2109 92 2114 -
140 2080 217 2129 bant.
254 2076 309 2129 Sed
320 2076 431 2128 condito
447 2076 528 2137 odio,
549 2077 664 2128 eandem
680 2076 831 2129 utilitatem
843 2075 951 2138 fovere,

141 2147 247 2199 crebris
257 2146 391 2213 epistolis,
401 2148 461 2197 sine
471 2151 600 2211 respectu
610 2149 716 2209 veniae,
732 2148 836 2211 probra
846 2145 952 2197 Othoni

142 2218 325 2269 obiectantes:
346 2230 408 2267 cum
427 2215 521 2266 Duces
542 2217 660 2279 partium
676 2206 805 2279 Othonis,
823 2217 952 2283 quamvis

143 2288 283 2340 uberrima
293 2285 481 2338 conviciorum
491 2284 522 2335 in
530 2283 676 2337 Vitellium
686 2286 816 2350 materia,
830 2285 953 2338 abstine·

88 2380 92 2385 ⁸
141 2361 214 2410 rent.

192 2422 296 2477 XXXI.
331 2421 405 2474 Sane
419 2426 484 2473 ante
499 2420 646 2488 utriusque
660 2422 781 2485 exitum,
801 2438 859 2491 quo
874 2438 953 2491 egre·

142 2494 216 2562 giam
227 2490 301 2544 Otho
311 2490 424 2554 sarnam,
435 2489 567 2543 Vitellius
577 2489 832 2556 flagitiosissimam,
843 2507 952 2546 merue-

143 2578 183 2624 re,
194 2562 284 2611 minus
293 2559 403 2613 Vitellii
418 2562 535 2625 ignarae
549 2557 718 2623 voluptates,
739 2576 821 2627 quam
832 2559 952 2614 Othonis

143 2630 376 2702 flagrantissimae
385 2628 515 2681 libidines
523 2626 702 2679 timebantur·
722 2629 877 2682 Addiderat
886 2628 953 2684 huic
