2034 3025
189 85 746 159 nnnsnmnnmcnum-rs.
824 104 878 161 ms

72 181 878 274 imm
989 203 995 213 ‘

72 287 140 349 pus,
152 342 158 348 ¹
168 284 202 331 ut
217 293 316 330 nemus
330 278 444 345 plscuit.
480 276 567 330 Vicos
580 277 689 340 locunt,
716 294 772 330 non
789 281 819 330 in
829 294 878 332 no·

72 351 162 399 strum
172 362 279 400 morem
286 381 295 411 ,
312 346 448 400 connexis
460 350 490 397 et
499 343 717 398 cohaerentibus
728 347 877 400 aediliciis:

72 417 277 484 unumquisque
288 414 401 469 domum
411 415 504 483 spatio
514 414 683 478 circumdem
712 416 770 468 sire
781 417 878 469 sdver-

72 495 121 537 sus
131 483 477 553 cesusignisremedinm,
505 485 564 535 sive
575 483 877 538 inscinnnedilicandt.

72 551 116 608 Ne
131 561 340 607 coementorum
356 552 470 622 quidem
484 554 558 620 upnd
572 554 636 604 illos
651 558 701 604 nut
717 554 876 622 tegularum

70 637 153 676 usus:
164 625 285 682 muteris
295 623 329 674 ud
340 623 436 675 omnin
444 628 564 674 utuntur
573 621 688 677 informi
699 625 807 676 etcitre
816 640 878 692 spe·

71 694 143 744 ciem
154 697 203 744 sut
214 691 440 746 delectationem.
476 691 621 754 Quacum
636 692 700 745 locs
709 692 875 760 diligentius

64 757 196 822 inlinunt
205 766 298 825 terrn,
318 762 360 814 itu
369 774 482 828 purusc
492 761 675 828 splendente,
692 767 725 815 ut
735 763 874 829 picturam

69 829 285 884 sclineamentu
301 832 425 882 colorum
439 831 576 882 imitetur.
612 829 714 883 Solent
728 836 758 883 et
766 831 876 884 subter·

70 913 172 954 raneos
187 914 287 968 specus
302 901 429 968 operire,
457 914 563 966 eosque
578 900 668 952 multo
681 901 798 967 insuper
808 902 875 953 limo

70 975 200 1034 onerant,
214 969 368 1039 suffugium
378 967 463 1021 hiemi
475 974 505 1020 et
515 969 721 1034 receptaculum
731 967 876 1036 frugibus:

68 1040 135 1105 quis
144 1041 268 1106 rigorem
279 1037 418 1106 frigorum
429 1037 568 1088 eiusmodi
582 1036 652 1088 locis
663 1037 806 1088 molliunte
835 1044 876 1101 et,

67 1109 94 1160 si
104 1108 215 1174 quando
225 1107 317 1160 hostis
328 1106 442 1158 udvenit
448 1139 457 1167 ,
482 1109 583 1171 apertu
591 1103 756 1170 populatur,
778 1105 877 1158 abditu

67 1183 165 1228 sutem
176 1183 206 1230 et
215 1176 330 1229 defossa
340 1180 390 1228 eut
400 1173 578 1242 ignorantur,
587 1177 639 1225 eut
647 1185 682 1226 eo
693 1171 875 1240 ipsosnllunt,

66 1245 398 1314 qnodquaerendnsunt.

120 1315 208 1369 XVll.
227 1317 374 1383 Tegumen
386 1312 633 1378 omnibussngum‚
650 1309 746 1373 iibule,
765 1317 828 1374 eut,
848 1313 873 1364 si

66 1383 152 1448 desit,
164 1386 246 1453 spino
255 1388 430 1436 consertum:
440 1387 539 1432 cetera
548 1380 649 1432 intecti
659 1384 737 1431 totos
747 1377 875 1442 diesiur·

9 1459 17 1468 ”
66 1451 296 1521 tuiocumstque
312 1453 408 1520 ignem
422 1454 522 1518 agunt.
555 1447 874 1515 Locupletissimireste

67 1522 293 1589 distinguuntur,
305 1536 359 1573 non
372 1518 515 1581 fluitante,
524 1520 598 1569 sicut
607 1517 754 1569 Snrmutae
765 1532 798 1569 uc
808 1517 876 1570 Per·
968 1522 970 1525 ’

66 1588 126 1653 tini,
154 1590 206 1642 sed
219 1591 320 1643 stricta
329 1594 359 1641 et
369 1588 497 1657 singulos
508 1594 587 1639 artus
598 1587 783 1653 exprimente.
820 1581 876 1639 Ge&

68 1665 136 1712 runt
146 1665 175 1711 et
186 1658 311 1711 lersrum
321 1658 425 1724 pelles,
454 1658 577 1724 proximi
591 1656 671 1722 ripae
682 1654 872 1722 negligenter,

64 1728 219 1783 ulteriores
229 1727 408 1796 exquisitius,
419 1732 451 1778 ut
460 1726 563 1794 quibus
573 1724 668 1777 utullus
676 1738 728 1790 per
738 1738 872 1778 commer-

62 1800 111 1851 ciu
120 1799 220 1851 cultus.
253 1797 372 1865 Eligunt
382 1794 458 1847 ieras
469 1800 500 1845 et
508 1793 637 1846 detractu
645 1793 785 1845 velamina
796 1807 873 1860 spur·

65 1874 140 1937 gunt
148 1866 265 1926 maculis
275 1864 451 1935 pellibusque
461 1864 634 1926 belluarum,
662 1877 733 1931 ques
743 1863 872 1915 exterior

66 1940 195 1991 Oceanus
211 1942 297 2003 utque
311 1937 439 2002 ignotum
454 1947 534 1987 mure
542 1934 643 2001 gignit.
679 1931 820 1985 Necnlius
831 1930 872 1983 ie·

25 2050 26 2055 ,
66 2003 455 2077 minisqnemvirislnbitus,
475 2003 531 2056 nisi
540 2000 616 2071 quod
625 2000 747 2055 feminac
757 2001 873 2069 suepins

64 2075 149 2129 lineis
166 2076 314 2129 amictibus
330 2074 474 2135 velentur,
503 2086 609 2140 eosque
618 2086 741 2139 purpure
749 2071 872 2133 sanent,
953 2102 956 2106 »

65 2150 233 2213 purtemque
252 2144 373 2196 vestitus
393 2142 550 2214 superioris
565 2142 596 2192 iu
609 2141 733 2197 monicus
750 2154 808 2196 nou
821 2154 870 2194 ex·
886 2196 889 2200 ,

65 2213 195 2277 tendunt,
215 2212 307 2264 nudae
316 2210 431 2264 brochis
440 2226 473 2262 sc
480 2210 613 2265 lacertos.

96 2294 98 2301 “
116 2282 219 2336 xvlll.
236 2280 292 2334 Sed
303 2280 763 2348 etproximoperspectorispatetr
774 2291 870 2345 qnem-

68 2366 152 2425 quum
170 2364 273 2404 serere
290 2349 349 2402 illic
365 2350 561 2401 matrimoninr
588 2365 643 2401 nec
659 2348 745 2401 ullam
758 2360 870 2399 morum

67 2430 179 2491 purtem
188 2421 279 2487 magis
288 2418 457 2472 leudoveris.
493 2430 559 2470 uum
567 2433 656 2486 prope
670 2416 725 2469 soli
739 2414 873 2477 barbaro·

12 2532 17 2542 ,
68 2506 131 2546 rum
144 2492 265 2559 singulis
281 2489 419 2541 uxoribus
434 2489 563 2539 contenti
577 2492 659 2549 sunt,
687 2483 872 2551 exceptisnd-
912 2540 915 2544 ,

66 2560 181 2615 modum
192 2558 298 2627 pnucis,
312 2560 360 2627 qui
369 2572 426 2609 non
435 2556 564 2617 libidine,
575 2556 627 2609 sed
636 2554 673 2609 ob
683 2554 874 2619 nobilitatem,

68 2630 197 2700 plurimis
213 2628 320 2700 nuptiis
335 2628 506 2683 nubuntur.
541 2626 719 2681 Dotemnon
732 2637 806 2679 uxor
815 2636 872 2681 ιιι
