2034 3025
152 127 190 182 40
272 125 496 192 usnemun
516 126 561 195 [s.
571 126 603 180 v.
614 124 672 195 768.
693 126 835 199 ncne]

87 223 89 227 ’
151 206 962 304 iffi

75 353 78 358 .
153 300 465 355 occursantrmis'cetur
480 304 654 367 operantium
669 301 889 370 bellantiumque
907 308 962 360 cla·
994 337 998 343 ·

152 386 227 425 murz
243 378 270 422 ct
281 364 380 422 cuncta
390 373 495 437 pariter
505 371 638 422 Romanis
648 371 780 434 adversa3
790 372 868 423 loeus
878 377 962 444 uligi-

153 457 189 493 ne
199 438 337 508 profunda
343 477 351 504 ,
367 440 442 490 idem
454 439 490 489 ad
500 439 616 507 gradum
626 441 774 503 instabilis,
784 443 959 507 procedenti·

59 564 60 571 χ
152 512 205 562 bus
220 510 354 572 lubricum
375 520 491 574 corpora
510 511 606 575 gravia
621 508 727 560 loricis}
747 526 837 577 neque
852 509 959 567 librare

152 580 216 647 pila.
229 582 302 632 inter
316 577 405 628 undas
420 582 558 643 poterant.
595 578 698 629 Contra
714 577 860 631 Cheruscis
876 590 960 636 sueta

153 648 227 716 apud
241 646 356 714 paludes
371 646 491 712 proelia;
515 661 632 714 procera
646 647 783 712 membra,
804 645 903 702 hastae
919 653 959 703 in·

153 722 252 786 gentes
269 716 304 768 ad
313 718 429 770 uulnera
444 714 573 766 facienda
587 718 712 783 quamvis
722 717 826 783 procul.
845 735 901 770 uox
913 720 959 772 de·

153 804 229 839 mum
247 787 404 838 inclinantis
425 787 481 835 iam
495 784 620 852 legiones
636 785 770 837 adversae
785 801 895 853 pugnae
913 804 959 841 ex·

154 858 238 908 emit:
267 855 411 917 Germani,
432 854 466 907 ob
477 868 609 920 prospera
618 854 765 917 indefessi,
784 863 890 908 netum
901 862 959 927 qui·

58 932 59 935 ’
154 925 217 977 dem
237 931 346 991 sumpta
362 926 467 991 quiete,
487 929 618 990 quantum
636 938 769 990 aquarum
787 927 889 977 circum
900 943 959 979 sur·

154 994 284 1061 gentibus
300 996 371 1061 iugis
383 996 485 1054 oritur,
498 998 611 1044 vertere
620 994 648 1042 in
660 992 799 1044 subiecta:
811 1011 959 1064 mersaque

107 1076 112 1081 ·
154 1062 253 1126 humo,
273 1070 301 1114 et
316 1064 437 1127 obruto„
450 1061 523 1129 quod
539 1061 784 1129 effectumoperis,
803 1064 959 1131 duplicatus

154 1133 236 1183 militi
249 1132 336 1183 labor.
373 1130 623 1199 Quadragesimum
639 1131 667 1182 id
682 1133 848 1199 stipendium
866 1136 960 1187 Caeci-

1 1264 2 1273 *
155 1216 192 1253 na
211 1201 326 1267 parendi
346 1206 394 1252 aut
413 1200 590 1268 imperitandi
609 1199 743 1264 habebat3
773 1204 959 1256 secundarum

155 1271 400 1339 ambiguarumque
411 1286 503 1322 rerum
515 1272 619 1332 sciens,
630 1286 718 1337 eoque
728 1274 881 1323 interritus.
905 1273 959 1341 lgi-

153 1346 202 1389 tur
208 1338 302 1391 lutura
312 1340 435 1402 volvens,
442 1354 497 1391 non
508 1339 585 1389 aliud
595 1343 707 1405 reperit,
712 1355 795 1406 quam
804 1348 836 1391 ut
847 1340 958 1393 hostem

136 1414 138 1419 ’
155 1408 231 1460 silvis
242 1414 397 1473 coerceret,
414 1408 503 1460 ‹lonec'
513 1409 612 1471 saucii,
623 1415 810 1475 quantumque
820 1413 959 1478 gravioris

130 1517 133 1520 .
155 1480 282 1545 agminis,
288 1481 435 1531 anteirent.
455 1474 518 1529 nam
530 1476 622 1529 medio
633 1480 767 1530 montium
784 1485 812 1530 et
825 1479 959 1548 paludum

154 1548 349 1616 porrigebatur
356 1549 495 1617 planities,
501 1562 572 1614 quae
582 1553 694 1599 tenuem
706 1550 793 1599 aciem
803 1555 959 1615 pateretur.

153 1615 323 1686 Deliguntur
342 1617 480 1686 legiones,
501 1620 597 1683 quinta
608 1616 707 1668 dextro
716 1618 813 1680 lateri,
832 1621 961 1670 unaetvi-

1 1685 21 1750 1⁸
66 1748 68 1753 ,
154 1688 258 1738 cesima
268 1690 297 1737 in
307 1687 429 1749 laeuum3
449 1688 567 1752 primani
579 1684 735 1737 ducendum
745 1686 783 1738 'ad
794 1703 893 1754 agmen
901 1690 959 1751 ;,ri·

154 1757 309 1806 cesimanus
320 1754 466 1806 adversum
477 1761 628 1807 secuturos.

206 1822 292 1876 LXV.
311 1823 375 1874 Nox
390 1828 441 1888 per
455 1821 565 1874 diversa
581 1827 700 1891 inquies:
720 1841 781 1876 cum
791 1825 907 1877 barbari
918 1824 960 1878 fe·

152 1894 204 1945 stis
217 1893 318 1959 epulis,
333 1892 408 1942 laeto
420 1898 503 1942 cantu
512 1898 560 1943 aut
570 1894 642 1944 truci
652 1909 752 1945 sonore
765 1895 891 1945 subiecta
899 1895 959 1947 val·

152 1963 220 2014 lium
231 1976 264 2011 ac
273 1961 434 2012 resultantis
446 1961 533 2012 saltus
544 1963 728 2028 complerent3
738 1963 810 2028 apud
817 1963 959 2016 Romanos

151 2030 267 2084 invalidi
284 2028 378 2098 ignes,
396 2033 569 2097 interruptae
582 2043 677 2094 voces,
698 2038 780 2098 atque
791 2034 843 2098 ipsi
853 2035 960 2098 passim

152 2099 314 2154 adiacerent
324 2099 407 2162 talio,
419 2099 583 2152 oberrarent
593 2102 738 2162 tentoriis,
748 2103 889 2152 insomnes
899 2117 960 2153 ma·

153 2169 195 2237 gis
216 2183 298 2236 quam
318 2170 476 2236 pervigiles:
498 2169 650 2236 (lucemque
669 2172 770 2220 terruit
790 2169 850 2220 dira
869 2173 959 2237 quies.

152 2253 217 2290 nam
229 2237 408 2299 Quinctilium
417 2236 530 2301 Varum,
541 2241 676 2306 sanguine
687 2239 801 2289 oblitum
814 2244 842 2290 et
852 2239 960 2304 paludi·

116 2306 128 2320 ⁵
151 2308 205 2359 bns
221 2323 371 2372 emersum,
391 2321 505 2359 cernere
517 2308 651 2359 etaudire
662 2309 737 2358 visus
748 2314 804 2370 cst,
823 2309 961 2360 relutvo·

154 2382 278 2438 cantem,
297 2383 457 2444 nontamen
469 2377 630 2439 obsecutus,
652 2381 680 2427 et
689 2391 801 2427 manum
811 2376 961 2429 intenden-

152 2448 190 2496 tis
199 2445 342 2512 repulisse.
363 2445 467 2509 Coepta
475 2445 550 2507 luce,
570 2448 671 2496 missae
682 2447 710 2496 in
721 2446 810 2496 latera
820 2446 962 2514 legiones,

153 2520 230 2566 metu
240 2531 276 2565 an
288 2515 476 2575 contumacia,
484 2511 575 2564 locum
587 2514 746 2565 desemere:
768 2520 848 2584 capto
860 2530 962 2582 prope-

153 2596 305 2649 recampo,
324 2581 561 2633 humentiaultra.
596 2583 693 2649 Neque
703 2589 798 2634 tamen
809 2585 962 2648 Arminius,

155 2665 322 2724 quamquam
336 2649 424 2702 libero
434 2651 560 2717 incursu,
579 2655 674 2703 statim
683 2654 822 2720 prorupitt
841 2653 908 2718 sed,
928 2661 963 2706 ut

514 2728 520 2750 Ι
591 2736 597 2752 Ι
