2034 3025
154 95 204 150 128
273 56 505 152 enuncians
522 72 839 171 [s.1r.775.'n.c.22.]

140 212 226 253 'vere
263 201 382 252 Caussas
392 203 453 253 eius
462 202 626 252 mutationis
637 215 771 267 quaerere
783 202 858 253 libet.
877 203 953 253 Dites

94 291 95 294 ¹
153 270 221 322 olim
231 268 356 321 familiae
367 271 513 330 nobilium,
521 274 570 319 aut
581 269 747 329 claritudine
758 270 889 335 insignes,
901 276 954 321 stu·

54 341 56 346 '
152 339 200 391 dio
221 337 685 406 magnificentiaeprolabebantur.
715 340 879 390 nemetiam
897 344 953 389 turn

128 443 130 447 -
153 400 271 475 plebem,
284 409 382 468 socies,
396 412 483 471 regna
492 406 593 466 colere,
608 410 638 469 et
648 404 831 461 colilicitum:
843 412 876 468 ut
886 409 952 474 quis-

154 492 207 545 que
224 479 333 542 opibus,
353 476 444 535 domo,
464 478 563 539 paratu
579 476 727 540 speciosus,
740 491 795 542 per
811 492 909 527 nomen
926 480 953 527 et

153 546 298 598 clientelas
312 543 458 597 inlustrior
473 542 634 602 habebatur.
662 548 810 611 postquam
826 544 954 597 caedibus
997 566 998 569 ¹

153 616 299 674 saevi-tum,
319 608 349 663 et
357 611 519 677 magnitudo
531 610 621 665 famae
632 616 718 665 exitio
729 620 790 665 erat
796 610 910 677 ,ceteri
921 612 958 667 ad

153 683 321 748 sapientiora
330 686 500 732 convertere.
519 682 602 734 simul
611 686 676 751 novi
685 682 810 745 homines¹
820 700 836 735 e
846 684 955 735 nrunici·
966 714 976 730 ..

153 754 211 818 piis*
221 756 249 801 et
263 750 379 801 coloniis
399 754 484 818 atque
499 752 583 803 etiam
601 754 758 817 provinciis,
779 754 808 802 iu
824 751 955 821 Senatum

153 820 250 871 crebro
269 818 421 884 adsumpti,
441 820 619 873 domesticam
640 824 837 888 parcimoniam
858 822 973 873 intulew

153 893 231 941 runt:
250 894 287 950 et,
303 903 470 955 quamquam
480 888 603 951 fortune,
616 892 661 942 uel
671 891 818 952 industria,
833 890 956 959 plerique

152 957 329 1025 pecuniosam
340 957 375 1008 ad
385 964 527 1011 senectam
544 962 733 1025 pervenirent.
751 960 852 1009 mansit
862 966 957 1011 tamen

151 1028 230 1093 prior
241 1028 357 1077 animus.
389 1025 445 1079 Sed
454 1030 617 1094 praecipuus
627 1024 755 1087 adstricti
764 1029 849 1079 moris
860 1034 964 1081 auctor¹
997 1070 999 1074 .

152 1094 341 1161 Vespasianus
352 1094 417 1158 suit,
434 1098 552 1164 antiquo
568 1099 627 1163 ipse
639 1097 862 1163 culturietuque.
882 1097 957 1148 obse·

158 1165 248 1231 pulum
263 1165 328 1215 inde
344 1166 373 1214 in
388 1165 546 1231 Principem
566 1172 596 1217 et
614 1165 772 1217 aenrulandi
793 1177 872 1215 amor
891 1162 957 1215 vali·

155 1233 223 1295 dior,
233 1249 314 1300 quam
327 1248 416 1299 poena
426 1248 460 1286 ex
470 1229 578 1301 legib'us
588 1240 616 1285 et
626 1239 725 1286 metus.
761 1232 821 1296 Nisi
832 1232 905 1283 forte
916 1248 957 1285 re·

104 1320 109 1326 ⁴
155 1303 203 1353 bus
214 1303 319 1354 cunetis
329 1303 522 1369 inestquidam
533 1303 610 1356 velut
621 1304 704 1365 orbis,
720 1308 761 1365 ut,
782 1302 957 1369 quemadmo-

153 1371 219 1424 dum
238 1376 395 1438 temporum
416 1371 502 1434 vices,
529 1372 570 1422 ita
592 1362 700 1425 1'norum
719 1376 877 1423 vertantur:
906 1386 959 1423 nec

153 1443 247 1493 omnia
257 1442 332 1507 apud
343 1444 450 1507 priores
461 1441 585 1504 meliora,
595 1442 644 1509 sed
654 1446 750 1495 nostra
761 1456 870 1512 quoque
881 1444 958 1501 actas

152 1510 242 1565 nrulta
253 1510 345 1564 laudis
355 1518 384 1564 et
394 1513 504 1574 artium,
515 1512 649 1573 imitanda
659 1513 789 1579 posteris,
804 1510 879 1562 tulit.
907 1506 959 1562 Ve-

152 1597 216 1632 rum
232 1581 302 1637 haee
317 1582 397 1633 nobis
411 1582 556 1634 *maiores
570 1583 721 1634 certamina
732 1595 766 1633 ex
775 1578 893 1641 honesto
903 1593 959 1631 ma·

153 1656 271 1702 neant‘
978 1651 982 1658 '

110 1734 114 1741 ’
206 1717 276 1769 LVI·
295 1717 435 1779 Tiberius,
456 1715 539 1768 fama.
551 1717 750 1768 moderationis
771 1719 872 1782 parta,
884 1715 959 1782 quod

152 1786 308 1853 ingruentis
319 1791 497 1836 accusatores
505 1791 686 1852 represserat,
707 1787 793 1836 mittit
803 1785 913 1836 litteras
923 1785 960 1838 ad

153 1856 300 1918 Senatum,
320 1855 382 1921 quis
393 1860 558 1921 potestatem
576 1851 762 1906 Tribuniciom
772 1854 866 1906 Druso
883 1859 959 1920 pete·

152 1925 210 1977 bat.
245 1923 278 1974 ld
288 1925 388 1973 summi
399 1923 503 1990 fastigii
513 1923 676 1975 vocabulum
689 1923 829 1990 Augustus
844 1925 959 1990 reperit,

54 1996 58 2014 ¹
152 2007 189 2046 ne
199 1991 352 2059 Regie,aut
362 1990 519 2043 Dictatoris
529 2007 628 2044 nomen
639 1993 807 2054 adsumeret,
819 2007 851 2043 ae
861 1998 959 2042 tamen
985 2017 987 2024 v

153 2060 343 2128 adpellatjone
358 2060 453 2128 aliqua
469 2065 564 2112 cetera
573 2062 689 2126 imperia
704 2063 898 2128 praemineret.
917 2059 957 2110 M.

153 2130 254 2183 deinde
264 2131 414 2197 Agrippam
424 2131 530 2181 socium
541 2131 600 2182 eius
615 2132 774 2196 potestatis3
794 2145 848 2196 quo
861 2127 959 2181 detun-

129 2209 134 2216 ’
153 2206 215 2263 eto,
235 2200 379 2252 Tiberium
389 2199 528 2251 Neronem
542 2199 655 2266 delegit,
676 2215 710 2250 ne
724 2213 867 2264 successor
875 2199 904 2249 in
916 2199 958 2249 in-

76 2276 79 2283 '
92 2274 103 2297 s
153 2274 232 2328 certo
243 2261 325 2320 foret.
336 2271 376 2320 sie
386 2267 507 2320 cohiberi
517 2282 615 2334 pravas
625 2269 743 2320 aliorum
755 2283 818 2334 spes
829 2267 945 2318 rebatur

153 2338 238 2390 simul
247 2337 400 2399 modestiae
409 2336 545 2401 Neronis,
565 2344 594 2389 et
606 2352 673 2390 suae
688 2335 873 2404 niagnitudini
887 2335 957 2388 tide-

152 2408 210 2460 but.
246 2407 309 2469 Quo
328 2411 395 2458 tune
408 2407 535 2472 exemplo
552 2407 680 2459 Tiberius
690 2405 812 2457 Drusum
830 2419 958 2456 summae
999 2447 1011 2458 .

151 2477 195 2530 rei
213 2476 353 2528 admovet:
372 2491 447 2540 cum,
467 2475 600 2527 incolumi
618 2475 793 2538 Germanico,
813 2475 958 2541 integrum

150 2549 226 2608 inter
236 2546 307 2599 duos
315 2545 448 2604 iudiciuin
458 2547 602 2598 tenuisset
639 2545 694 2598 Sed
704 2545 841 2612 principio
849 2543 958 2596 littera·

152 2631 215 2669 rum
225 2621 374 2670 veneratus
383 2615 473 2680 Deos,
492 2623 526 2670 at
538 2614 651 2672 consitio
661 2630 709 2670 tua
719 2613 798 2683 lteip.
811 2627 958 2683 prospera·
