2034 3025
66 148 155 201 usn.
170 146 223 201 lv.
239 140 458 198 culeus-m.
477 110 562 215 mv.
582 96 642 215 7⁷7*-
653 146 685 199 A.
695 148 725 199 c.
737 150 789 215 m]
812 146 860 203 155
896 165 899 167 ·

47 258 228 320 coaptantes,
246 253 338 305 securi
349 252 477 316 percutit.
504 251 587 313 Dein,
606 252 671 319 quia
681 252 804 316 pluribus
814 254 862 305 ad·

46 337 166 374 versum
176 320 384 373 Tacfarinatem
398 320 619 386 expeditionibus
635 322 788 387 cognitum,
806 338 861 373 non

50 393 146 459 gravi,
156 406 208 442 uec
216 404 273 440 uno
282 391 395 440 incursu
405 390 620 441 consectandum
632 388 740 441 bostem
750 404 863 457 vagum,

52 462 151 513 excito
171 474 234 511 cum
252 456 431 525 popularibus
450 458 527 525 Rege
541 459 713 521 Ptolemaeo,
744 466 865 526 quatuor

51 531 172 597 agmina
188 534 281 594 parat,
309 542 381 595 quas
394 527 509 595 [legatis
525 534 573 579 aut
583 528 715 579 Tribunis
730 528 807 579 data:
836 533 866 580 et
903 540 924 554 ’·

53 598 251 665 praedatorias
262 611 360 647 manus
370 596 470 648 delecti
480 597 645 649 Maurorum
654 597 769 650 duxere.
803 597 864 665 ipse

54 666 456 721 consulturaderatomnibus.
877 714 878 719 ,

109 735 200 789 XXV.
230 735 291 787 Nec
305 735 394 786 multo
407 739 469 801 post
487 734 628 797 adfertur,
648 733 782 787 Numidas
793 736 867 803 cprcd
884 746 891 749 ’

52 807 198 859 castelium
208 804 380 867 sentimum,
397 804 506 871 αῠίρὶἰε
517 804 647 871 quendam
657 804 801 867 incensum,
820 804 866 857 cui

53 890 152 928 nemen
162 872 263 936 Auzea,
275 873 374 940 positis
383 874 534 939 mapalibus
544 874 691 926 consedisse
696 890 708 935 ,·
719 874 788 943 fieus
799 876 865 938 loce,

55 943 124 1012 quia
138 942 224 994 vastis
237 942 339 994 circam
353 942 467 994 saltibus
480 942 664 1003 claudebatur.
701 946 773 995 rl‘um
784 959 866 1010 expe·

55 1015 135 1064 ditae
145 1010 275 1063 cobomes
285 1012 415 1079 alaeque,
439 1025 523 1079 quam
537 1012 565 1061 in
576 1017 682 1077 partem
694 1012 864 1064 ducerentur

55 1086 186 1149 ignarae,
206 1081 263 1131 cito
276 1082 386 1147 agmine
400 1082 557 1147 rapiuntur.
593 1080 734 1149 Simulque
750 1088 865 1148 coeptus

54 1154 127 1211 dies,
147 1156 176 1201 ct
186 1156 320 1201 concentu
332 1150 471 1213 tubarum,
490 1164 523 1201 ae
533 1151 604 1201 truci
616 1150 739 1202 clamore
749 1151 867 1202 aderant

56 1222 241 1273 semisomnos
262 1220 290 1269 in
309 1219 457 1271 barbarus:
490 1219 661 1285 praepeditis
680 1218 864 1273 Numidarum
912 1242 915 1248 r

60 1291 150 1357 equis,
168 1293 216 1341 aut
226 1288 351 1339 diversus
360 1293 455 1355 pastus
465 1290 681 1353 pererrantibus.
717 1290 756 1341 Ab
767 1289 866 1341 Roma·

60 1361 106 1409 nis
118 1356 257 1411 confertus
267 1357 360 1423 pedes,
376 1358 526 1425 dispositae
536 1363 655 1421 turmae,
676 1365 776 1409 cuncta
786 1372 873 1424 proc-1

60 1429 99 1480 lio
116 1427 236 1493 provisa:
265 1424 391 1478 hostibus
406 1433 518 1489 contra,
538 1427 660 1482 omnium
676 1428 789 1488 nesciis,
809 1441 866 1477 nou

59 1513 149 1559 mma,
165 1509 220 1546 non
232 1496 311 1560 ordo,
333 1510 387 1547 non
399 1496 560 1548 consilium:
581 1496 630 1547 sed
641 1510 770 1562 pecorum
782 1494 866 1547 modo

59 1565 266 1629 trahi,.occidi,
286 1566 354 1631 capi.
390 1564 517 1616 lnfensus
538 1563 617 1614 miles
636 1567 773 1616 memoria
791 1565 866 1622 labo·

60 1651 135 1698 rum,
159 1639 188 1686 et
203 1634 348 1685 adversum
363 1633 509 1685 eludentes
526 1638 637 1698 optatae
652 1635 737 1684 toties
748 1646 866 1699 pugnae,
947 1668 949 1672 .

60 1720 91 1757 se
101 1706 217 1771 quisque
227 1702 334 1754 ultione
350 1708 379 1754 et
389 1703 525 1770 sanguine
534 1701 692 1768 explebant
728 1700 866 1754 Difl‘ertur

60 1789 111 1842 per
121 1772 285 1838 manipulos,
304 1769 513 1844 Tacfarinatem
523 1787 619 1835 omncs,
637 1781 729 1824 norma
740 1779 781 1824 tot
788 1787 866 1838 pros·

60 1841 115 1906 liis,
126 1849 332 1901 ¹corrsectentur:
346 1855 409 1904 non,
421 1840 476 1895 nisi
485 1838 563 1892 Duce
573 1840 728 1913 interfecte,
746 1841 866 1908 requiem
900 1893 905 1902 ,

53 1911 202 1984 ,bellisma
239 1911 344 1972 lltillc,
365 1911 478 1963 deiectis
488 1912 591 1961 circum
602 1912 791 1977 stipatoribus,
807 1914 865 1962 vin·
963 1953 964 1958 ,

60 1987 162 2048 ctoque
172 1982 227 2031 iam
238 1979 305 2044 illic,
325 1986 354 2031 et
363 1978 458 2032 effusis
467 1980 589 2046 undique
598 1980 738 2042 Romanis,
757 1981 865 2032 ruendo

61 2053 90 2103 in
100 2048 166 2111 tela,
178 2048 373 2117 ‚captivitatem
384 2047 458 2100 haud
467 2048 558 2109 inulta
565 2055 656 2101 morte
667 2047 772 2116 effugit,

114 2118 215 2171 xxvi.
238 2117 317 2185 isque
331 2117 394 2168 linis
408 2119 492 2169 armis
506 2119 663 2186 impositus.
700 2118 865 2172 Dolabellae

62 2189 168 2257 petenti
178 2188 275 2241 abnuit
285 2185 466 2253 'triumphalia
472 2189 611 2250 Tiberius,
623 2187 866 2252 Seianotribuens,
912 2187 915 2202 ’
937 2207 943 2220 ·

61 2274 97 2310 ne
116 2255 225 2319 Blaesi,
251 2256 380 2308 mummi
401 2258 474 2318 eius,
494 2255 556 2308 laus
576 2257 773 2309 obsolesceret.
809 2257 864 2309 Sed

61 2342 152 2395 neque
161 2323 279 2377 Blaesus
287 2325 352 2376 ideo
362 2325 514 2388 inlustrior,
534 2331 562 2376 et
572 2322 636 2376 huic
646 2331 764 2392 negatus
774 2323 864 2378 benur
898 2317 904 2336 ‘

61 2395 178 2464 gloriam
187 2393 317 2446 intendit.
353 2395 460 2460 Quippe
470 2396 578 2446 minore
586 2397 727 2457 exercitu,
747 2397 864 2462 insignis

61 2467 193 2532 captivos,
210 2461 323 2517 caedem
333 2463 429 2526 Ducis,
438 2462 561 2529 bellique
572 2461 689 2514 coniecti
700 2463 803 2514 famam
816 2464 863 2513 de·
926 2511 927 2514 ,

60 2538 194 2602 portarat.
230 2531 423 2600 Sequebantur
433 2538 462 2583 et
472 2532 672 2584 Garamantum
683 2533 777 2598 legati,
797 2542 863 2580 raro

60 2605 88 2654 ln
97 2604 167 2655 urbe
177 2603 239 2665 visi,
254 2616 332 2669 quos,
347 2600 527 2653 Tacfarinate
538 2615 628 2664 caeso,
648 2600 776 2664 perculsa
786 2609 864 2662 gens,

61 2677 90 2725 et
106 2671 206 2740 calpae
227 2673 337 2736 nescia,
365 2670 401 2722 ad
418 2668 647 2724 satisfaciendum
662 2666 768 2732 Populo
786 2665 863 2716 iloni.
