2034 3025
118 154 121 161 .
180 107 229 161 178
264 103 744 173 lllsroltmltvnr[.l.v.82s
763 102 914 175 A.C.7o.]

178 214 332 267 desudem.
366 210 985 279 hainueres-pereatmmiocraparos,eure

177 282 224 352 gri
231 282 330 352 sessos.
346 280 408 331 dem
417 280 468 331 alii
482 278 688 347 Vespasianum,
701 278 754 333 elii
769 278 934 343 Vitellium,
946 283 986 353 fr

178 357 272 412 ceant,
288 356 385 419 patere
395 350 481 401 lorum
490 348 616 400 adversm
626 356 781 415 utrumque.

229 418 330 472 XVlll.
346 416 393 468 Sir
407 417 436 466 in
446 417 551 467 Gallias
565 416 785 482 Germaniasque
799 415 948 479 intentus,
968 419 986 467 si

177 486 316 538 destinata
325 484 522 551 provenissent,
531 485 762 535 validissimarum
771 482 988 537 ditissimarum-

179 570 233 622 que
243 556 387 606 nationum
398 552 493 618 Regno
502 555 662 604 inminebat.
681 555 718 604 nt
724 552 849 603 Flaccus
858 554 988 605 Hordeo

178 624 242 672 nias
252 623 356 689 primos
363 617 575 672 Civilisconntu's
586 635 635 686 per
640 620 900 672 dissimulationem
912 622 989 673 aluit

178 691 233 743 Vbi
244 698 400 757 expugnata
411 696 513 751 roura,
524 689 623 740 deletas
633 688 763 748 robertes,
775 690 894 754 pultare
904 688 988 739 Bata·

179 773 273 810 sorore
282 758 372 807 insola
383 752 534 809 Romanam
543 772 646 819 norun,
661 756 761 821 trepidi
771 759 869 809 nuntii
879 756 986 808 adiere·

178 827 257 886 bant,
276 826 440 875 Mummium
454 825 618 891 Lupercum,
635 824 786 891 Legatum,
805 826 846 887 (is
867 824 985 877 duarum
1012 822 1013 893 ζ

179 894 319 959 legionum
335 889 458 946 bibernis
476 896 615 958 praeerat)
634 891 727 961 egredi
742 891 875 944 odonem
886 892 985 945 bostem
1012 898 1013 933 l

78 1007 82 1011 .
139 985 144 989 -
180 962 266 1011 iubet
301 960 447 1025 Lupercus
461 960 656 1025 legionariose
671 961 885 1027 praesentibus,
902 962 985 1015 Vbios
1012 942 1013 1005 Ῐ

181 1028 348 1096 eproximis,
358 1028 543 1079 Treverorum
590 1026 752 1089 uites,liaud
763 1027 851 1097 longe
863 1037 984 1095 agentes,
1012 1038 1013 1087 j

181 1098 284 1163 raptim
294 1097 460 1157 transmisit,
478 1096 574 1147 addita
624 1102 749 1147 tororum
760 1094 822 1158 ain,
846 1110 921 1163 quae
936 1098 983 1147 ianr
1012 1112 1013 1155 l

184 1165 289 1232 pridem
300 1169 443 1229 conrupta,
453 1164 537 1215 tidem
548 1164 703 1225 simulabat,
714 1168 752 1225 ut,
762 1164 885 1229 proditis
895 1168 926 1217 in
932 1168 986 1231 ipse

184 1235 242 1285 acie
250 1232 391 1293 Romanis,
407 1232 512 1282 maiore
523 1233 613 1297 pretio
624 1232 741 1299 lugeret.
779 1232 887 1295 Civilis,
900 1240 986 1299 capta·

182 1316 244 1353 rum
260 1298 416 1351 cohortium
431 1300 517 1365 signis
528 1297 725 1361 circumdatus,
743 1304 776 1351 ut
786 1315 840 1351 suo
850 1302 938 1351 militi
948 1316 985 1351 re·

184 1385 250 1422 cens
259 1368 350 1436 gloria
360 1373 425 1418 ante
435 1367 543 1429 oculos,
554 1367 680 1419 ethostes
687 1369 822 1422 memoria
833 1369 928 1421 cladis
938 1375 987 1419 ter-

183 1441 322 1499 rerentur,
342 1441 460 1487 matrem
473 1450 552 1485 suam
567 1450 739 1501 sororesque,
758 1436 845 1487 simul
863 1438 987 1487 omnium

185 1495 987 1640 {illeillilb'lillliltllllllssll‘illlll

504 1609 513 1636 r
606 1627 614 1634 .
822 1611 831 1626 ·
980 1601 988 1612 ·

186 1661 248 1698 rum
259 1649 352 1706 cantu,
368 1642 535 1694 feminarum
544 1642 664 1702 ululatu,
684 1644 779 1692 sonuit
789 1641 878 1704 acies,
890 1657 989 1710 nequa·

186 1728 269 1780 quam
284 1727 335 1778 par
349 1727 366 1762 a
375 1711 534 1779 legionibus
550 1707 768 1777 cohortibusque
789 1710 930 1763 redditur
944 1711 989 1762 ela·

186 1796 256 1833 uror.
295 1779 622 1847 Nudareratsinistrum
643 1792 728 1828 cornu
749 1777 931 1830 Batavorum
952 1777 990 1830 sla

186 1847 395 1915 transfugiens,
414 1848 567 1912 statimque
583 1847 612 1896 in
623 1861 674 1896 nos
688 1846 779 1896 versa.
797 1845 850 1896 sed
864 1846 990 1914 legione

138 1957 141 1964 .
186 1919 245 1968 rius
255 1918 347 1998 miles,
359 1926 525 2034 (¹⁰³me
536 1915 620 1964 rebus
630 1912 760 1980 trepidis,
772 1927 853 1964 arma
863 1915 991 1996 ordines·

164 1981 851 2116 ·lltlltglllbn,'tllil'flllllll‘
870 1985 993 2102 lilii

187 2117 308 2169 cubuere
320 2115 462 2167 Germani.
497 2117 535 2166 Et
554 2116 608 2168 fuit
621 2119 735 2168 interim
751 2115 889 2183 effugium
905 2119 994 2185 legio·

178 2186 270 2237 ¹nibus
280 2185 310 2234 ir
320 2190 422 2248 eastra,
439 2185 538 2249 quibus
551 2183 677 2236 Veterum
687 2199 799 2239 nomen
814 2189 870 2236 est.
912 2185 995 2237 Prae·
1012 2209 1013 2230 i

186 2254 280 2306 fectus
299 2253 360 2304 alae
373 2251 554 2316 Batavorum,
575 2251 705 2305 Claudius
720 2253 824 2314 Labeo,
847 2255 993 2319 oppidano

186 2324 340 2374 certamine
359 2321 484 2372 aemulus
502 2322 592 2383 civili,
612 2336 647 2371 ne
667 2319 835 2372 interfectus
855 2323 991 2374 invidiam

187 2389 260 2454 apud
270 2389 433 2456 populares,
451 2389 509 2449 vel,
530 2391 554 2438 si
565 2391 748 2450 retineretur,
763 2389 874 2440 semina
886 2390 991 2442 discor·

187 2457 250 2506 diae
261 2457 420 2522 praeberet,
427 2455 460 2503 in
469 2453 578 2506 Frisios
589 2455 726 2506 avehitur.

237 2521 312 2573 XIX.
328 2523 432 2572 lisdem
453 2519 569 2583 diebus,
587 2521 759 2574 Batavorum
776 2529 805 2575 et
818 2523 992 2578 Canninefa-

186 2587 257 2641 tium
276 2586 423 2652 colrortes,
443 2601 505 2639 eum
522 2589 602 2640 iussu
611 2588 720 2646 Vitellii
734 2591 873 2645 inurberu
891 2608 993 2664 perge·
