2034 3025
165 96 218 149 314
279 95 283 100 ”
374 93 736 168 ‚neouaroalssvs

67 237 70 248 .
162 170 202 253 do
213 204 275 270 quis
290 195 363 252 diem
381 184 535 251 eximeret,
564 200 623 250 lsta
637 214 703 250 vero
719 201 803 269 longa
817 204 976 270 principio.

166 286 228 323 rum
248 271 426 339 praeparatio
438 272 467 319 et
478 270 650 337 narrationis
667 269 723 320 alte
745 272 871 337 repetita
882 274 978 325 series

167 346 196 393 ct
215 340 364 391 multarum
383 338 550 390 divisionum
572 339 727 390 ostentatio
748 340 871 391 et·mille
893 357 979 409 argu·

164 411 324 467 mentorum
335 406 447 475 gradus,
459 413 489 458 et
498 408 630 474 quicquid
640 407 717 458 aliud
727 407 897 461 aridissimis
905 412 978 465 ller-

165 492 300 548 magorae
311 483 340 528 et
349 476 512 542 Apollodori
524 476 602 527 libris
613 478 800 545 praecipitur,
821 477 978 533 inhonore

165 554 238 601 crat:
251 552 290 609 et,
301 548 325 596 si
337 547 412 611 quis,
418 544 551 595 odoratus
562 542 776 613 philosophiam,
787 561 823 597 ex
834 562 871 597 ea
880 550 976 600 locum

166 618 289 685 aliquem
300 615 424 666 orationi
435 629 502 665 suae
514 615 662 677 insereret,
679 616 709 665 in
720 616 829 666 coelum
840 616 977 669 laudibus

163 686 318 738 terebatur.
355 682 414 734 Nec
432 684 542 733 mirum.
578 684 669 735 Erant
685 686 757 735 enim
772 682 844 737 haec
860 702 938 737 nora
949 694 978 739 ct

163 751 331 823 incognitas*
342 758 371 803 et
386 752 510 818 ipsorum
526 751 635 821 quoque
653 758 796 804 oratorum
810 757 974 821 paucissimi

135 829 136 834 ’
163 828 315 894 praecepta
326 819 480 883 rhetorum,
492 827 541 872 aut
551 818 779 890 philosophorum
791 824 912 889 placita,
933 841 974 877 co·

163 897 327 961 gnoverant.
363 887 401 940 At
417 888 542 941 Hercule
561 888 733 958 pervulgatis
753 892 809 942 iam
831 895 974 955 omnibus,

162 978 224 1013 cum
235 961 282 1011 vix
291 963 320 1011 in
331 974 437 1011 corona
447 960 594 1026 quisquam
606 960 733 1022 adsistat,
744 962 810 1027 quin
820 961 973 1015 elementis

162 1030 330 1093 studiorum,
344 1028 467 1080 etsi'non
482 1030 646 1091 instructus,
665 1034 782 1079 atcerte
794 1031 916 1083 inbutus
927 1033 974 1095 sit,

161 1102 242 1151 noris
259 1106 288 1151 et
302 1099 453 1168 exquisitis
469 1098 648 1166 eloquentiae
665 1096 816 1149 itineribus
833 1115 909 1165 opus
921 1106 973 1163 cst,

160 1185 213 1239 per
229 1185 299 1235 quae
310 1174 409 1221 orator
424 1166 569 1219 iastidlum
590 1168 697 1217 aurium
719 1165 854 1233 effugiat,
874 1171 974 1238 utiquc

161 1238 234 1303 apud
254 1253 303 1288 eos
323 1238 443 1299 iudices,
462 1235 510 1304 qui
523 1236 550 1285 vi
566 1242 615 1286 aut
625 1240 779 1304 potestate,
798 1252 857 1301 non
869 1239 935 1291 iure
947 1246 975 1289 et

160 1305 281 1373 legibus,
300 1310 486 1374 cognoscunt,
504 1310 535 1358 ct
547 1320 598 1355 nec
609 1306 749 1371 accipiunt
760 1311 904 1372 tempora,
924 1308 973 1359 sed

83 1396 91 1406 ·
161 1378 350 1438 constituunt,
373 1392 425 1427 nec
444 1374 664 1443 exspectandum
686 1372 791 1427 habent
812 1383 974 1439 oratorem,

161 1439 224 1497 dum
236 1446 277 1497 illi
287 1444 418 1498 libeatde
429 1447 492 1512 ipso
502 1445 617 1513 negotio
634 1443 742 1509 dicere,
762 1445 920 1514 sedsaepe
935 1448 976 1497 ul·

160 1520 204 1568 tro
217 1515 370 1569 admonent
386 1521 472 1583 atque
487 1515 543 1584 olio
559 1515 816 1590 transgredientem
831 1525 975 1571 revocant

72 1588 78 1599 ‘
159 1591 190 1638 et
199 1584 338 1638 festinare
349 1601 379 1638 se
390 1591 540 1640 testantur.
558 1621 561 1625 -

212 1654 272 1706 XX.
292 1658 362 1720 Quis
372 1670 446 1707 nunc
459 1655 535 1723 ierat
545 1659 688 1707 oratorem
699 1653 734 1706 de
745 1653 916 1708 infirmitate
928 1672 974 1708 ra·

158 1725 294 1776 letudinis
312 1739 381 1778 suae
395 1723 590 1792 praetantemt
609 1725 703 1791 qualia
718 1730 783 1774 sunt
793 1723 855 1778 fere
867 1727 975 1792 priuci-

158 1795 336 1858 piacor'vini.
352 1797 355 1802 '
373 1795 579 1861 Quisquinquc
591 1792 749 1846 inVerrem
766 1792 856 1866 libros
873 1811 964 1862 exspc

158 1862 296 1926 ctaveritt
332 1865 401 1925 Quis
417 1861 452 1914 de
467 1864 634 1930 exceptione
650 1867 680 1912 et
695 1863 817 1915 formula
827 1867 963 1932 perpetio

157 1927 267 1982 tu'rilla
276 1933 404 1982 inmensa
412 1933 568 1996 volumina,
588 1947 659 2001 quae
674 1948 726 1998 pro
739 1933 777 1983 Μ.
789 1933 902 1995 Tullio,
923 1941 976 1985 ant

158 1989 189 2052 h'.
200 1997 321 2050 Caecina
330 2000 468 2068 legimus?
503 2000 664 2054 Praecurrit
680 1999 733 2053 hoc
743 2008 872 2069 tempore
883 2004 973 2056 iudex

159 2069 301 2121 dicentem
311 2074 354 2131 et,
373 2071 429 2120 nisi
443 2076 493 2122 aut
503 2087 587 2122 cursu
598 2078 845 2140 argumentorum,
865 2078 919 2124 aut
930 2089 971 2126 co·

157 2135 220 2193 lore
235 2140 456 2204 sententiarum,
475 2147 525 2194 aut
544 2142 634 2200 nitore
654 2146 684 2193 et
704 2142 780 2196 cultu
802 2141 970 2211 descriptio·

159 2226 226 2262 nnm
237 2210 372 2260 inritatus
384 2214 413 2260 et
424 2216 576 2278 conruptus
588 2216 642 2274 est,
658 2215 805 2264 ar‘ersatur
816 2211 968 2270 dicentem.

161 2279 264 2346 Vulgus
275 2295 385 2346 quoque
396 2278 593 2346 adsistentium
605 2286 634 2331 ct
643 2281 769 2334 adfluens
780 2289 810 2335 et
819 2301 914 2352 vagus
926 2303 969 2338 au·

30 2360 33 2367 ·
108 2397 113 2404 ,
160 2347 237 2398 ditor
251 2348 380 2399 adsuevit
395 2350 451 2399 iam
462 2351 576 2416 exigere
592 2349 730 2400 laetitiam
743 2358 772 2402 et
782 2353 970 2420 pulchritudi-

159 2430 223 2466 nem
235 2417 385 2480 orationis3
404 2432 456 2470 nec
465 2421 554 2484 magis
564 2417 675 2486 perfert
690 2423 717 2469 in
729 2422 842 2473 iudiciis
853 2427 971 2479 tristem

159 2488 188 2533 ct
200 2485 329 2548 inpexam
340 2487 554 2553 antiquitatem,
574 2501 655 2554 quam
666 2491 766 2558 siquis
777 2493 807 2541 in
816 2505 908 2546 scena
918 2497 972 2548 Ro·

139 2609 142 2626 Ι
157 2551 271 2600 saliant
286 2553 440 2619 Turpionis
455 2555 572 2605 Ambivii
593 2560 751 2625 exprimere
772 2566 873 2628 gestus
892 2568 974 2618 velit.

158 2614 216 2667 lam
231 2634 298 2673 vero
314 2621 445 2688 iuvenes,
464 2624 492 2673 in
505 2625 572 2702 ipsa
588 2626 747 2698 studiorum
756 2629 861 2687 incude
871 2639 967 2704 positi
