2034 3025
112 155 135 181 ,·
184 103 238 155 aas
307 101 414 156 rvau
433 98 569 153 nenio.
588 91 859 179 viriciaco.

50 221 56 235 ⁴
94 189 137 235 ,χι
187 179 965 223 -τ--τ--·.·-·-·········““·······-·-

120 205 972 341 Μ’ἱέἱὲῗὲἒ,““οῗέεὲἳὶἳξῖαῗ,ῗιῖἶ’ςὲξῗῑέᾚιῖῑιῖἶὲῗοῗῶἓ

188 353 243 398 ost.
279 345 458 398 Poterlulius
470 343 634 404 Graecinus,
649 340 793 392 Senatorii
804 341 917 406 ordinis,
925 351 975 395 tn.

188 416 233 466 dio
245 415 422 482 eloquentiae
433 413 644 479 sapientiaeque
656 416 753 473 notus,
777 411 867 478 iisque
877 413 976 462 virtuti·

188 485 241 536 bus
251 485 321 534 iram
332 484 392 533 Caii
403 482 531 534 Caesaris
541 481 669 530 meritus.
690 495 809 546 nanrque
818 478 976 531 msilannn

188 552 326 606 adcusara
336 553 430 602 iussus
442 557 485 612 et,
506 550 573 616 quia
582 548 735 609 abnuerat,
755 547 918 600 interfectus
930 557 978 600 cst.

188 615 980 679 Materialial‘rocillaluitraraecastitetis.inhuiussi·

188 707 227 742 nu
237 682 466 757 indulgentiaque
478 686 622 748 educatus,
632 699 800 750 peromnem
807 683 981 738 honestarum

187 761 291 812 artium
306 758 410 809 cultum
434 756 583 820 pueritiam
605 751 879 820 adolescentiamque
898 761 981 806 trans

37 855 40 862 »
167 863 173 893 »,
188 827 257 894 egit.
283 825 404 878 Arcebat
414 839 477 875 eum
488 823 524 874 ab
538 822 686 873 inlecebris
698 824 882 886 peccantium,
910 839 981 890 prae·

46 912 51 920 ⁶
85 899 88 907 '
120 889 123 909 ¹
142 887 156 907 ‘¹
174 901 233 946 ¹ter
243 895 333 960 ipsius
343 895 446 946 bonam
456 879 651 962 integramque
662 896 800 952 naturam,
812 890 982 956 quodstatin

186 962 319 1031 parvulus
329 962 424 1014 sedem
439 977 472 1012 ac
487 961 652 1027 magistram
665 959 821 1011 studiorum
832 959 983 1012 Massiliam

186 1031 326 1094 habuerit,
345 1032 437 1083 locum
449 1029 559 1081 Graeca
569 1030 702 1079 comitate
713 1033 742 1079 et
752 1029 920 1095 provinciali
932 1046 985 1096 par·

187 1101 309 1154 simonia
320 1101 432 1150 mistum
443 1100 557 1150 achene
569 1099 761 1162 compositum.
797 1097 945 1150 Memoiia
953 1107 986 1150 te-

59 1191 65 1200 ·
155 1173 157 1178 ’
186 1171 251 1233 aed,
267 1169 380 1222 solitum
391 1169 482 1235 ipsum
494 1181 620 1226 narrare,
637 1181 665 1216 se
674 1163 704 1217 ἐκ
710 1164 801 1232 primo
812 1163 930 1218 iuventa
941 1178 986 1218 sta·

89 1261 95 1264 ⁹
144 1241 165 1247 ““
186 1233 568 1308 diumplu'losopltioeacrius.
594 1235 668 1285 ultre
684 1244 934 1299 quarrrconcesium
945 1235 987 1287 llo·

186 1323 308 1373 marsque
319 1305 460 1368 senatori,
487 1302 622 1365 duodece,
648 1302 678 1354 m’
685 1301 831 1369 prudentia
842 1306 949 1358 taetris
958 1309 988 1356 ir·

186 1393 294 1430 censum
308 1392 341 1429 ac
348 1373 519 1444 flagrantem
533 1371 653 1424 animum
663 1371 831 1422 coercuisset.
868 1369 988 1434 Scilicet,

186 1447 303 1499 sublime
314 1451 343 1498 et
353 1450 475 1496 erectum
490 1441 630 1508 ingenium
642 1439 876 1508 pulchritudinem
896 1459 933 1495 ac
942 1459 989 1509 spe-

141 1561 149 1567 .
187 1518 256 1569 ciem
268 1516 394 1568 excelsae
404 1507 904 1580 magnaequegloriaerehementins,
915 1529 990 1581 quan

187 1590 278 1647 caute,
296 1584 456 1651 adpetebat.
491 1595 558 1631 mox
568 1580 706 1645 mitigavit
714 1581 785 1629 ratio
795 1583 825 1629 et
835 1586 939 1632 aetas:
959 1598 991 1631 re·

143 1674 149 1681 ·
186 1656 339 1775 ponitque,
367 1647 712 1721 quodestdiffioillimum,
741 1650 992 1715 exsepientiamo·

205 1739 288 1775 uma
325 1742 328 1749 ’
430 1738 434 1745 ·
462 1756 466 1763 -

207 1778 225 1799 ”
238 1790 271 1843 V.
290 1790 384 1843 Prima
393 1794 548 1841 castrorum
559 1788 718 1839 rudimenta
726 1789 755 1838 in
765 1786 925 1839 Britannia
936 1788 994 1840 Sue

185 1860 418 1921 tonioPaullino,
443 1859 571 1924 diligenti
581 1872 613 1909 ac
622 1848 868 1917 moderatoDaci,
898 1859 994 1924 adpro

185 1930 273 1981 bavit:
297 1929 416 1990 electus,
440 1943 521 1994 quem
532 1926 712 1977 contubernio
723 1924 905 1976 aestimaret.
948 1928 998 1979 Ner

183 1997 315 2064 Agricola
330 1997 461 2058 licenter,
488 2010 567 2046 more
580 1997 723 2057 iuvenum,
753 1994 800 2059 qui
816 1993 995 2047 militiamir

146 2108 148 2116 ,
185 2056 332 2125 lasciuiam
337 2069 464 2127 vertunt,
488 2069 579 2129 neque
592 2064 728 2129 segniter,
746 2061 782 2112 ad
792 2061 998 2128 voluptateso

95 2140 98 2149 ’
185 2137 356 2195 commeatus
374 2132 485 2182 titulum
497 2134 666 2182 Tribunatus
680 2135 709 2180 et
723 2131 866 2181 inscitiam
884 2135 998 2184 retulit:

185 2203 234 2254 sed
244 2216 360 2253 noscere
371 2202 556 2267 provinciam,
586 2200 663 2251 nosci
676 2199 826 2261 exercitui,
859 2199 998 2253 disceret

93 2314 97 2323 .
148 2270 158 2300 “·
206 2272 294 2335 eritis,
312 2272 390 2337 sequi
402 2271 531 2335 optimos,
551 2267 622 2319 nihil
632 2268 763 2332 adpetere
772 2268 960 2333 iactatione,
972 2271 999 2319 ni

123 2334 128 2347 '
184 2285 227 2388 Ra
238 2338 272 2391 ob
284 2338 459 2389 formidinem
474 2352 618 2400 recusare,
647 2335 783 2403 simulque
796 2339 911 2388 anxius
930 2341 999 2391 etin

186 2411 282 2456 tentus
292 2420 383 2471 agere.
408 2405 469 2456 Non
481 2420 548 2457 sane
558 2406 627 2457 alias
637 2406 830 2474 egercitotior,
846 2414 998 2475 magisqu

186 2472 217 2523 in
232 2474 367 2542 ambiguo
376 2474 522 2523 Britannia
536 2473 598 2525 fuit.
633 2473 764 2525 trucidati
779 2473 925 2527 veterani
934 2515 945 2541 ,
975 2479 997 2525 in

186 2552 286 2590 canme
296 2540 431 2601 coloniae,
444 2542 593 2605 intercepti
603 2544 755 2593 exereitus:
773 2547 833 2592 tum
845 2543 888 2595 de
901 2547 998 2599 saluts

107 2610 113 2619 ’
186 2616 253 2657 mox
263 2606 296 2659 dc
306 2609 439 2675 victoria,
467 2613 619 2662 certavere.
654 2612 733 2676 Quae
748 2616 852 2664 emota
863 2616 937 2667 etsi
953 2629 998 2668 coi
