2034 3025
157 81 232 131 mu.
247 80 269 130 ι.
283 78 367 130 cm).
385 79 504 130 72—74.
525 79 816 150 [n.i·.s23.n.c.70.1
854 82 889 132 m

83 142 257 170 ..κ-...1

77 183 211 250 inpudica
220 188 348 245 senecta,
364 182 575 234 Praefecturam
586 183 700 249 vigilum
711 189 740 234 et
750 182 899 236 Praetorii*

78 258 109 304 et
120 253 177 304 alia
186 254 311 318 praemia
321 254 455 303 virtutum
467 255 533 319 quia
543 251 665 303 velocius
673 257 735 303 erat
742 253 816 302 vitiis
825 253 890 304 ade.

79 327 159 389 ptus,
177 321 371 373 crudelitatem
388 335 467 383 mox,
487 317 587 372 deinde
602 322 747 372 avaritiam
758 326 787 372 et
797 322 890 374 virilia

77 392 189 442 scelera
199 393 334 454 exercuit,
353 396 490 457 conrupto
501 391 536 441 ad
547 405 631 443 omne
642 390 750 441 lacinus
760 389 886 454 Nerone;

77 461 218 528 quaedam
231 463 328 527 ignaro
339 476 438 523 ausus,
462 475 496 511 ae
505 465 647 526 postremo
659 459 783 511 eiusdem
794 460 886 512 deser·
996 469 1000 483 ‘

77 536 126 580 tou
136 546 169 582 ae
179 531 314 599 proditor.
341 529 420 582 Vnde
430 543 486 581 non
497 529 583 580 allum
594 531 764 596 pertinacius
774 528 809 580 ad
820 544 887 594 poe·

76 599 145 652 nain
154 600 331 666 flagitavere,
352 598 598 662 diversoadieetu,
619 600 718 667 quibus
729 598 823 649 odium
834 598 888 650 Ne·

76 670 157 720 ronis
171 671 277 732 inerat,
296 674 325 720 et
339 670 439 736 quibus
455 668 633 720 desiderium.
668 667 748 736 Apud
767 667 887 719 Galbam
949 727 952 737 ,

78 739 116 790 T.
131 735 205 788 Vinii
219 740 345 804 potentia
361 738 506 800 defensus,
525 739 733 804 praetexentis,
750 746 889 789 onustam

77 807 114 865 ab
125 806 261 876 eofilium.
297 814 327 862 et
336 806 410 859 haud
421 809 504 860 dubie
514 813 683 872 servaverat,
700 821 757 859 non
769 807 887 860 elemen-

78 877 135 938 tia,
155 878 256 944 quippe
274 882 318 928 tot
333 878 503 943 interfectis,
524 877 573 929 sed
591 877 699 945 effugio·
711 879 740 928 in
752 876 888 932 futurum:

78 947 146 1014 quia
157 947 293 1012 pessimus
310 949 442 1015 quisque,
461 945 617 999 diffidentia
628 948 816 1014 praesentium
828 961 889 998 mu·

78 1017 216 1067 tutionem
226 1031 338 1083 petens,
348 1017 482 1072 adversus
492 1016 635 1083 publicum
646 1016 738 1067 odium
749 1017 889 1081 privatam

78 1087 199 1152 gratiam
218 1091 386 1153 praeponam
416 1085 491 1137 unde
512 1085 590 1136 nulla
615 1085 790 1137 innocentiae
811 1099 889 1147 euru,

79 1154 131 1206 sed
140 1155 214 1205 vices
231 1156 402 1221 inpunitatis.
440 1155 481 1206 Eo
492 1154 629 1206 infensior
639 1153 772 1223 populus,
792 1154 890 1206 additu

78 1222 117 1275 ud
135 1229 216 1275 setim
236 1225 369 1292 Tigellini
389 1224 485 1276 odium
504 1226 611 1277 recenti
628 1226 661 1277 Τ.
681 1224 753 1275 Vinii
769 1225 889 1276 invidia:

79 1306 246 1345 concurrere
267 1310 282 1346 e
301 1300 362 1345 tota
371 1295 439 1346 urbe
450 1296 478 1344 in
488 1295 623 1360 palatium
636 1309 669 1346 ee
679 1293 764 1356 lora‚'
777 1299 821 1354 et,
841 1292 890 1344 ubi

79 1363 201 1430 plurima
219 1362 296 1430 vulgi
313 1363 443 1425 licentia,
462 1365 492 1413 in
508 1365 612 1413 cineum
628 1378 660 1414 ae
676 1362 788 1414 theatra
799 1360 890 1422 effusi,

79 1431 222 1482 seditiosis
232 1433 345 1481 vocibus
357 1431 534 1498 obstrepere:
553 1431 643 1482 donec
653 1430 824 1498 Tigellinus,
845 1444 891 1480 ae·

82 1504 164 1566 cepto
176 1498 250 1566 apud
261 1498 442 1553 Sinuessanas
458 1514 546 1568 eques
556 1516 701 1567 supremae
715 1499 890 1552 necessitatis

81 1569 194 1631 nuntio,
221 1570 300 1621 inter·
312 1575 409 1635 stupra
425 1570 641 1621 concubinarum
658 1575 687 1621 et
697 1568 793 1621 osenla
802 1574 832 1620 et
841 1568 883 1621 de

81 1639 186 1691 formes
203 1653 311 1701 moras,
335 1640 419 1690 sectis
435 1638 573 1707 novaculp
590 1638 731 1702 faucibus,
756 1636 891 1690 infamem

81 1710 167 1760 vitem
180 1707 304 1761 foedavit
314 1709 399 1761 etiam
409 1710 487 1761 exitu
498 1722 562 1767 sero
574 1715 603 1761 et
613 1706 770 1760 inhonesto.

134 1777 261 1832 LXXlll.
298 1778 352 1831 Per
370 1779 444 1831 idem
459 1776 569 1845 tempus
585 1778 761 1845 expostulata
777 1776 812 1830 ed
827 1790 906 1845 sup·=

82 1848 194 1917 plieium
206 1848 306 1901 Galvi'a
320 1849 479 1917 Crispinilla
492 1850 577 1918 variis
595 1848 837 1913 frustrationibus,
861 1851 891 1900 et

79 1917 198 1971 adversa
206 1919 406 1972 dissimulantis
413 1919 549 1987 Principis
560 1918 643 1982 lama,
662 1918 787 1986 periculo
798 1933 891 1971 exem·

81 1994 128 2055 pta
138 1995 193 2040 est:
216 1991 351 2057 magistra
367 1990 513 2042 libidinum
522 1987 654 2051 Neronis,
675 1988 891 2057 transgressum

80 2056 215 2120 Africam,
243 2060 279 2110 ad
289 2060 476 2127 instigandum
486 2060 517 2110 in
526 2074 607 2110 arma
615 2055 741 2111 Clodium
753 2059 890 2119 Macrum,

82 2125 183 2177 lumem
193 2128 382 2192 populollom.
395 2128 468 2181 baud
479 2128 710 2191 obscurumolito‚
720 2130 889 2194 totiuspost-

82 2209 116 2245 eu
135 2194 255 2245 civitatis
275 2200 393 2263 gratiam
414 2199 551 2259 obtinuit,
578 2197 726 2249 consulari
746 2198 889 2248 matrimo-

82 2264 267 2326 niosubnixu‚
287 2271 316 2315 et
331 2266 404 2332 apud
415 2265 549 2329 Galbam,
567 2266 723 2330 Othonem,
741 2263 889 2319 Vitellium

64 2332 206 2397 ‘inlaesas
219 2347 283 2384 mox
294 2340 393 2399 potens
404 2338 523 2401 pecunia
534 2341 563 2389 et
573 2337 709 2401 orbitate,
727 2350 797 2405 quae
807 2333 889 2401 bonis

62 2403 217 2471 'malisque
228 2406 401 2471 temporibus
411 2406 491 2456 iuxta
502 2405 606 2457 valent.

132 2473 258 2526 Lxxlv.
296 2475 418 2525 Crebrae
428 2474 555 2535 interim,
573 2480 603 2526 et
617 2471 800 2525 muliebribus
810 2470 889 2523 blan·
964 2500 968 2507 ι

82 2540 211 2594 diluentis
220 2541 355 2605 infectae,
372 2544 407 2595 ab
416 2542 528 2595 Othone
540 2544 575 2595 ed
585 2542 731 2596 Vitellium
743 2540 889 2609 epistolae,
970 2604 972 2608 .

82 2609 237 2665 ollorebant
243 2612 389 2681 pauninus
398 2621 427 2667 et
433 2611 560 2684 gratim
569 2621 597 2666 et
603 2624 783 2682 quemcunque
788 2605 888 2679 quietis
