2034 3025
86 95 222 173 sioni.
241 112 630 186 cisio-iaravqp.
647 118 784 189 i.c.17,]
820 120 856 174 rr
917 178 919 181 .

51 232 172 279 teretur.
201 218 271 277 'Non
282 226 352 277 alias
359 228 468 277 maiore
481 226 556 277 mola
570 238 748 288 concursum,
764 232 855 295 neque

52 296 184 364 ambiguo
195 297 282 361 magis
291 301 401 357 eventu,
421 292 491 346 fusis
501 295 643 361 utrimque
654 292 758 345 dextris
769 296 857 347 corni·

51 362 111 417 bus.
149 364 374 432 sperabaturque
384 376 610 431 rursumpugna,
628 363 656 413 ni
667 362 857 416 Maroboduus

50 440 144 485 castra
154 435 183 484 iii
194 433 278 484 colles
287 434 471 488 subduxisset
498 432 532 485 ld
541 432 649 501 signum
659 432 780 497 perculsi
791 431 856 486 fuiti

51 509 78 554 et
92 501 262 570 transfugiis
279 503 423 569 paullatim
443 501 572 573 cudatus,
593 502 621 551 in
641 502 857 553 Marcomannos

50 574 197 634 concessit,
207 572 337 639 misitque
346 572 453 648 legatos
464 571 500 623 ad
510 572 661 633 Tiberium,
672 576 801 621 oraturos
811 586 859 622 aii·

49 641 126 693 xiiia.
164 642 338 707 Responsum
353 647 405 703 cst,
424 657 476 693 aaa
494 639 556 693 iure
574 638 859 703 eumadsertusvlie·

50 725 144 763 rascas
154 718 233 762 ar'ma
244 707 368 762 Romana
383 709 516 773 invocare,
536 709 588 776 qui
594 708 746 777 pugnantia
755 710 784 762 ia
795 725 858 763 eura

51 780 110 832 dem
123 778 373 833 mirmilonum
388 781 463 831 nulla
483 794 530 845 ope
550 778 668 829 inminet.
705 778 857 831 Missusta·

49 863 113 904 mea
125 850 245 915 Drusus,
255 858 287 903 ut
296 848 449 915 retulimus,
462 848 538 919 pacis
548 849 682 903 firmator.

101 920 215 973 XLVII.
233 922 339 973 Eodem
349 936 425 972 anno
435 922 579 974 duodecim
590 914 712 975 celebres
721 918 803 973 Asiae
814 934 858 973 ur·

48 990 99 1043 bes
108 991 260 1056 conlapsae
270 996 405 1042 nocturno
415 996 495 1042 motu
505 995 608 1043 terrae:
620 1005 672 1058 quo
681 991 859 1067 improvisior

48 1054 220 1127 graviorque
234 1062 321 1125 pestis
335 1058 398 1111 fuit.
413 1059 507 1128 neque
518 1060 630 1111 solitum
642 1062 670 1109 in
681 1060 732 1110 tali
743 1075 808 1111 casu
819 1059 859 1113 ef·

49 1130 160 1197 fugium
171 1129 364 1191 subveniebat,
381 1130 410 1179 in
421 1134 519 1195 aperta
528 1128 735 1197 prorumpendi,
745 1132 810 1197 quia
820 1130 858 1181 di·

49 1198 145 1250 ductis
163 1200 247 1249 terris
267 1196 475 1250 hauriebantur.
513 1197 616 1250 dedisse
633 1196 773 1251 immensos
787 1215 860 1253 inon-

50 1276 109 1319 tes:
124 1266 185 1318 oi‘sa
194 1267 224 1319 in
234 1268 329 1329 arduo,
339 1272 408 1332 qliae
413 1267 631 1340 planesceri’nt:
642 1264 776 1335 effulsisse
785 1268 859 1320 inter

49 1337 163 1389 ruinam
181 1335 264 1404 ignis,
284 1344 449 1406 memorant.
471 1338 645 1403 ,Asperrima
665 1336 693 1386 in
709 1335 860 1389 Sardianos

49 1407 113 1459 lues
123 1405 276 1471 plurimum
287 1408 316 1457 in
327 1406 439 1458 eosdem
449 1405 659 1459 misericordiae
670 1407 766 1457 traxit.
795 1420 860 1458 nam

51 1476 159 1528 centies
169 1476 329 1527 sestertium
340 1474 481 1541 pollicitus
491 1477 602 1536 Caesar,
619 1478 655 1535 et,
672 1478 805 1541 quantum
816 1488 861 1526 aa·

50 1546 130 1598 rario
141 1550 193 1595 aut
202 1546 270 1596 lisco
282 1545 454 1612 pendebant,
473 1547 502 1595 in
515 1545 731 1612 quinquennium
747 1544 860 1594 remisit.

50 1616 203 1687 Magnetes
214 1613 334 1681 aSipylo
344 1616 463 1680 proximi
473 1614 575 1664 damno
587 1627 619 1662 ac
629 1612 752 1663 remedio
764 1611 861 1664 habiti.

50 1685 197 1745 'l'eninios,
208 1682 449 1749 Philadelphenos‚
460 1685 605 1751 Aegeatas,
621 1675 860 1747 Apollonidenses,
950 1692 957 1698 ·

51 1755 156 1820 quique
167 1753 289 1805 Mosteni
305 1767 341 1804 ao
350 1753 519 1805 Macedones
528 1751 655 1818 Hyrcani
666 1757 812 1814 vocantur,
831 1759 861 1805 et

50 1824 313 1884 Hierocaesaream',
323 1822 473 1888 Myrinam,
484 1823 599 1886 Cymen,
615 1819 755 1885 Tmolum,
770 1821 860 1888 leuari

51 1892 128 1944 idem
137 1893 290 1958 intenipus
300 1891 433 1953 tributis,
445 1893 575 1958 mittique
586 1889 735 1943 exsenatu
746 1890 860 1956 placuit,
939 1949 952 1962 ..
964 1943 969 1952 ,

51 1963 99 2030 qui
116 1963 278 2028 praesentia
296 1958 438 2026 spectaret
456 1959 660 2028 refoverctque.
681 1959 805 2014 delectus
817 1968 861 2014 est
894 1979 896 1988 ·

52 2032 91 2082 M.
98 2031 197 2112 illatus
204 2028 388 2112 e‘l'raetoriis,
398 2045 443 2092 ne,
455 2029 600 2112 Consulari
611 2029 861 2114 obtinentedsiamd

52 2100 206 2151 aemulatio
225 2105 301 2151 inter
320 2113 403 2167 pares
417 2104 447 2152 et
461 2113 545 2152 exeo
560 2098 789 2166 impedimentum
807 2115 861 2152 ori·
879 2158 881 2162 ι

52 2177 138 2222 retur.
631 2183 645 2194 2

50 2309 131 2361 auxit
152 2308 259 2360 Caesar
279 2306 354 2359 baud
373 2309 465 2359 minus
484 2312 564 2375 grata
584 2306 765 2370 liberalitate,
786 2309 861 2376 quod

50 2379 125 2430 bona
134 2377 272 2428 Aemiliae
284 2377 392 2440 Musae,
406 2377 554 2442 locupletis
565 2377 723 2438 intestatae,
733 2379 820 2442 petita
830 2379 860 2426 in

49 2449 164 2507 liscum,
178 2445 298 2499 Aemilio
309 2444 425 2512 Lepido,
446 2447 524 2498 cuius
534 2461 549 2497 e
561 2446 643 2510 domo
652 2446 811 2509 videbatur,
831 2449 862 2494 ct

49 2515 165 2568 Patulei
185 2515 277 2567 divitis
296 2518 398 2583 equitis
413 2516 532 2567 Romani
552 2513 747 2574 hereditatem,
766 2526 861 2577 quain-

48 2601 135 2654 quam
146 2585 207 2652 ipse
218 2582 300 2635 lieres
314 2586 342 2635 in
358 2591 438 2651 parte
449 2581 604 2651 legeretur,
622 2581 740 2632 tradidit
750 2579 788 2627 M.
800 2576 863 2650 Ser·

48 2655 126 2718 vilio,
146 2668 232 2721 quem
247 2653 395 2720 prioribus,
407 2667 505 2721 *neque
520 2651 665 2718 suspectis,
683 2643 787 2699 tabulis
797 2653 864 2688 scri·
925 2661 928 2666 -

102 2237 235 2291 xcviii.
262 2238 438 2306 Magnificam
462 2239 492 2290 n
517 2237 657 2305 publicum
681 2231 861 2306 largitionem
938 2210 940 2214 ’
973 2226 976 2234 ’
