2034 3025
90 104 236 161 marr.
257 63 341 180 aar.
355 60 651 186 larcianae.
671 59 815 176 acas]
835 107 885 164 reo
933 139 938 154 .

75 189 269 204 μ’·-

73 215 139 282 quis
159 187 884 274 Geminiusffim—tiaW-*olhtiavm

72 284 183 335 amicus
203 278 320 339 Seian03
341 277 409 327 nihil
430 279 466 328 ad
485 279 599 329 serium.
635 278 671 328 at
682 279 768 330 iulius
779 281 883 345 Ceisus,
986 315 988 317 -

72 353 228 409 Tribunus,
248 349 276 397 in
292 348 389 398 vinciis
405 347 526 398 laxatam
545 353 672 398 catenam
691 353 719 398 et
734 350 884 402 circumdu-

72 428 133 474 tam
144 423 174 472 in
188 419 325 468 diversum
338 417 462 479 tendens,
473 433 551 468 suam
562 418 621 482 ipse
633 420 767 468 cervicem
778 419 883 484 perire·

71 493 124 560 git.
161 491 197 540 At
208 488 312 538 Rubrio
324 487 437 548 Fabato,
457 494 609 554 tamquam,
620 487 785 554 desperatis
800 488 883 540 rebus

72 560 222 618 Bouiania,
242 555 408 607 Parthorum
425 557 460 606 ad
475 555 693 608 misericordiam
706 556 825 624 fugeret,
840 573 884 608 cu·

71 630 169 682 stodes
180 626 278 678 additi.
304 641 372 676 sane
387 627 410 674 is
424 633 551 691 repertus
562 627 635 692 apud
646 625 759 684 Fretum
771 626 883 680 Siciliae
910 625 914 634 '

71 704 270 762 retractusque
294 710 344 760 per
370 696 579 759 Centurionem,
608 696 699 746 nullas
717 696 883 762 probabiles
911 756 914 761 ,

71 783 188 821 caussas
199 765 366 832 longinquae
378 763 609 832 peregrinationis
624 765 780 818 adferebat.
808 782 884 818 man·

70 841 109 890 sit
129 845 225 890 tamen
237 836 406 897 incolumis,
437 836 575 888 oblivione
587 835 701 902 magis,
718 851 809 904 ,quam
829 836 883 889 cle·
942 859 947 868 ·

70 911 187 962 mentia.

127 974 196 1046 ‘Xg-V.
226 973 322 1026 Servio
335 973 439 1036 Galba,
451 973 491 1025 L.
501 973 581 1026 Sulla
595 988 667 1025 coss.
683 974 731 1026 diu
746 976 882 1042 quaesito,

72 1062 144 1116 quos
162 1046 292 1111 neptibus
306 1045 494 1094 unianimitas
513 1044 666 1096 destinaret
673 1045 788 1106 ¹Caesar,
809 1041 885 1110 post?

71 1115 439 1185 quam'instabatrirginum
450 1119 537 1176 aetas,
557 1115 589 1164 L.
601 1113 735 1176 Cassium,
756 1113 795 1164 M.
806 1115 883 1167 Vini·

72 1185 236 1252 cium'legit,
259 1183 365 1234 Vinicio
377 1183 547 1249 oppidanum
557 1183 781 1250 genum-Calibus
791 1188 882 1248 ortus,

92 1261 154 1308 atre
163 1262 247 1322 atque
265 1253 539 1315 aroConsuiaribus,
551 1252 654 1307 iaetus
664 1253 793 1320 Equestri
804 1253 882 1304 iami-

71 1271 114 1377 iia
124 1330 197 1376 erat:
217 1325 292 1374 mitis
309 1318 420 1390 ingenii)
440 1328 470 1374 et
485 1327 610 1388 comptae
627 1315 782 1374 facundiae‘.
813 1323 883 1374 *Cas-

71 1393 232 1460 siusplebei
243 1395 348 1444 Romae
359 1391 483 1458 generis,
507 1407 604 1442 verum
618 1392 725 1459 antiqui
741 1390 883 1443 honorati·
908 1405 910 1412 ’

72 1479 137 1533 que,
157 1468 185 1516 et
204 1478 301 1515 severa
321 1464 409 1529 patris
430 1459 575 1527 disciplina
594 1459 724 1525 eductus,
745 1460 882 1513 facilitate

70 1530 192 1600 saepius,
201 1532 432 1599 quam'industria
442 1531 697 1592 commendabatur.
720 1530 799 1581 ‘Huic
809 1528 882 1581 Dru·

72 1603 176 1667 sillam,
187 1602 293 1655 Vinicio
304 1599 581 1660 Iuliam3Germanico
593 1600 711 1666 genitas,
728 1599 883 1665 coniungit:

70 1687 212 1741 superque
228 1688 262 1723 ea
271 1688 303 1723 re
313 1671 430 1723 Senatui
445 1670 569 1735 scripsit,
588 1669 643 1720 leri
654 1684 717 1719 cum
729 1667 834 1721 honore
843 1670 884 1719 iu·

69 1758 182 1796 venum.
200 1742 288 1804 dein,
306 1742 424 1793 redditis
443 1741 587 1791 absentiae
607 1742 712 1807 caussis
732 1738 882 1791 admodum

69 1814 163 1880 ragis,
184 1810 263 1863 flexit
276 1812 312 1861 ad
327 1813 456 1877 graviora
472 1816 502 1861 et
512 1808 679 1861 offensiones
691 1809 725 1864 ob
737 1808 882 1875 Rempubl.

71 1888 201 1948 coeptas,
220 1889 302 1948 utque
316 1879 414 1931 Macra
424 1878 590 1949 Praefectus
604 1877 838 1944 Tribunatumpue
855 1887 882 1931 et

72 1950 270 2004 Centurionum
275 1949 363 2017 pauci
371 1964 459 2001 secura
468 1948 625 2011 introirent,
637 1948 881 2017 ‘quatiens‘curiarn

69 2020 272 2089 ingrederetur,
288 2018 405 2085 petiuit3
425 2018 555 2085 factoque
572 2018 663 2086 large,
686 2025 714 2071 et
728 2022 788 2070 sine
802 2032 880 2086 prae·

70 2092 222 2155 scriptione
239 2091 349 2155 generis
365 2094 415 2138 aut
429 2089 546 2150 numeri,
563 2087 825 2159 Senatusuonsulto,
843 2103 880 2139 ne

70 2164 148 2212 tecta
163 2160 274 2227 quidem
290 2159 376 2219 urbis,
397 2157 467 2208 adeo
488 2156 626 2224 publicum
648 2160 791 2209 consilium
803 2172 879 2209 num·

71 2242 155 2298 quam
165 2230 243 2290 adiit,
253 2227 340 2279 deviis
351 2227 514 2295 plerumque
524 2228 670 2281 itineribus
679 2229 823 2295 ambigens
833 2241 880 2295 pa·

69 2299 154 2351 triam
166 2304 196 2349 et
206 2298 357 2349 declinans.

129 2366 204 2419 XVI.
231 2368 343 2419 interea
357 2380 458 2433 magna
471 2368 514 2432 ris
530 2368 762 2418 accusatorum-in
774 2380 823 2417 eos
838 2366 879 2417 in·

68 2438 211 2507 rupit„qui
225 2438 355 2503 pecunias
366 2435 481 2489 foenore
491 2437 673 2499 auctitabant,
685 2436 830 2487 adversum
840 2435 879 2487 le·

88 2523 131 2561 em
144 2504 297 2566 bictatoris
309 2508 448 2568 Caesaris,
469 2522 525 2573 qua
533 2507 651 2566 democle
661 2505 787 2558 credendi
792 2501 878 2571 possi·

135 2576 198 2647 idue
208 2577 285 2628 iutra
297 2575 409 2628 Italiam
421 2582 548 2639 caretum
561 2577 699 2627 omissam
708 2575 794 2634 olim,
814 2572 879 2637 quia

69 2647 178 2715 privato
190 2647 254 2699 usrii
263 2647 365 2699 bonum
375 2645 516 2713 pubiicum
527 2646 713 2713 postponitur.
742 2640 878 2693 ⁵Saueve·
926 2657 928 2663 ·
