2034 3025
54 219 59 224 ¹
127 151 176 205 rar
250 118 812 215 nnnnrnvn[nappaeae]
885 152 886 155 ¹

87 294 98 317 ,
126 256 377 326 giacernebautur.
414 252 511 305 Refert
520 252 555 303 ad
568 251 710 315 Senatum,
726 253 852 323 datisque
864 257 939 310 iudi.

125 328 212 387 cibus,
232 324 394 393 Vrgulania,
413 320 517 372 Silvani
528 323 599 383 avia,
618 323 766 389 pugionem
778 326 872 391 nepoti
884 328 937 377 nriss

125 398 170 449 ait,
207 394 286 456 Quor
299 392 414 458 perinde
423 391 570 453 creditum,
581 393 659 457 quasi
672 391 806 458 Principis
816 398 938 459 monitu,

79 502 83 506 -
126 466 161 517 ob
172 464 323 515 amicitiam
338 464 477 529 Augustae
493 474 557 510 curn
571 458 733 527 Vrgulania.
769 463 857 527 Reus,
876 462 937 515 iru-

125 542 185 586 stra
194 537 304 583 tentato
315 530 401 593 terro,
418 544 502 581 ranas
513 530 641 595 praebuit
652 526 843 583 exsolvendas.
865 534 937 586 Mox

126 602 304 661 Numantina,
323 601 400 665 prior
411 614 481 649 uxor
492 600 566 660 eius,
586 605 722 662 accusata,
740 599 862 653 iniecisse
874 619 936 654 rar·

125 671 242 724 minibus
257 677 285 721 et
299 667 434 737 cenefieiit
449 666 600 720 vecordiam
617 666 733 731 marito,
757 670 851 721 insons
865 670 937 723 iudi·

127 746 217 792 catur.

180 808 282 859 XXlll.
303 809 329 860 ls
339 805 449 858 demum
462 819 556 857 annus·
562 804 698 871 Populum
709 806 864 858 Romanum
877 808 938 861 lon-¹

128 894 164 946 go
174 878 321 928 adversum
335 876 484 928 Numidam
494 874 701 927 Tacfarinatem
717 875 792 927 ballo
807 877 936 930 absolvit.

129 948 200 1001 Nanr
217 948 322 1013 priores
338 946 446 1009 Duces,
471 946 517 996 ubi
534 944 707 1011 impetrando
724 945 937 1011 triumphalium

128 1018 229 1083 insigni
245 1018 370 1067 sufficere
386 1030 431 1066 res
446 1028 512 1065 suas
528 1013 719 1075 crediderant,
737 1012 846 1066 hostem
857 1018 938 1067 omit-

27 1109 29 1114 *
128 1086 237 1138 tebant:
252 1086 364 1153 iamque
375 1091 432 1136 tres
444 1084 588 1135 laureatae
598 1086 627 1134 in
638 1083 705 1134 urbe
715 1088 839 1147 statuae,
851 1091 880 1137 et
889 1086 936 1137 ad·

129 1154 185 1207 huc
194 1156 323 1220 raptabat
334 1153 455 1205 Africam
466 1153 642 1216 'reciarinas,
661 1156 759 1203 auctus
771 1154 935 1207 Maurorum

122 1222 256 1287 auxiliis,
275 1226 335 1291 qui,
354 1223 530 1285 Ptolemaeo,
545 1222 633 1291 lubae
647 1222 719 1284 filio,
738 1224 939 1277 iuventaineu·
992 1276 998 1283 ,

129 1295 219 1354 rioso,
238 1292 354 1344 libertos
370 1294 475 1359 regios,
494 1297 523 1343 et
533 1292 645 1343 servilio
659 1292 776 1357 imperia
790 1293 866 1344 bello
878 1308 940 1344 mu.

130 1367 267 1414 laverant.
304 1364 374 1413 Erat
392 1356 434 1411 illi
452 1360 619 1427 praedarum
638 1367 770 1427 receptor
791 1378 824 1414 ac
844 1365 938 1413 socius

131 1432 282 1497 populandi
288 1431 570 1493 lleiGaranrantum3
582 1443 638 1480 non
648 1436 681 1480 ut
691 1444 753 1481 cum
765 1434 889 1483 exercitu
899 1432 940 1483 in-

132 1501 252 1565 cederet,
270 1502 319 1555 sed
331 1502 421 1553 missis
431 1500 538 1552 levibus
546 1501 641 1566 copiis,
658 1517 730 1569 quae
742 1516 777 1553 ex
787 1498 941 1570 longinquo

132 1571 160 1621 in
172 1573 261 1623 maius
277 1573 475 1624 audiebantur.
496 1571 611 1636 ipsaque
627 1584 642 1621 e
657 1572 811 1636 provincia,
831 1577 863 1621 ut
877 1573 941 1638 quis

133 1640 264 1692 fortunae
282 1645 375 1708 inops,
395 1642 519 1692 moribus
538 1639 680 1701 turbidus,
700 1641 858 1708 promptius
878 1655 942 1691 rua·

132 1710 213 1770 bant,
232 1709 298 1776 quia
311 1713 426 1772 caesar,
444 1712 508 1774 post
523 1721 568 1758 res
583 1722 600 1758 a
614 1705 716 1760 Blaeso
732 1716 836 1777 gestas,
860 1712 942 1775 quasi

133 1777 218 1828 nullis
229 1780 282 1829 iam
294 1779 322 1827 in
334 1778 427 1828 Africa
437 1775 573 1840 hostibus,
591 1777 731 1843 reportari
743 1794 844 1830 nonam
856 1778 942 1844 legio·

133 1861 198 1899 nom
208 1847 340 1898 iusserat:
356 1859 409 1896 nec
417 1846 574 1898 Proconsul
584 1848 643 1897 eius
654 1848 727 1908 anni,
741 1845 772 1898 P.
782 1846 942 1910 Dolabella,

133 1916 257 1967 retinere
269 1930 353 1965 ausus
364 1919 434 1977 erat,
452 1916 529 1965 iussa
539 1914 675 1983 Principis
685 1917 787 1986 magis,
806 1931 889 1986 quam
898 1917 941 1968 ia·

134 1989 213 2038 certa
223 1984 299 2046 belli,
318 1988 453 2035 metuens.

186 2052 286 2106 XXIV.
305 2053 395 2119 igitur
403 2051 582 2115 Tacfarinas,
601 2051 862 2119 dispersorumore,
883 2069 942 2106 rem

68 2148 70 2157 ·
133 2122 285 2176 &monam
295 2121 359 2173 aliis
370 2136 472 2189 qaoque
487 2121 521 2172 ad
536 2120 693 2174 nationibus
708 2122 841 2186 lacerari,
859 2139 944 2191 eoque

129 2191 278 2264 paullatim
289 2190 389 2262 Africa
403 2190 540 2251 decedere,
558 2206 591 2241 ac
605 2206 684 2257 pom
698 2193 813 2262 reliquos
828 2192 944 2244 circum·

132 2261 229 2325 oenr'ri,
242 2261 271 2313 n·
281 2260 381 2323 cuncti,
398 2259 493 2327 quibas
503 2259 617 2311 libertae
626 2261 737 2313 servitio
743 2262 850 2331 potior,
867 2261 945 2314 incrt-

133 2331 263 2393 bat'tteat,
280 2332 455 2397 augetvires,
474 2329 745 2396 positisquocastris,
762 2329 943 2383 Thubuscum

133 2400 266 2468 oppidum
277 2399 463 2451 circumsidet.
486 2400 522 2451 nt
532 2397 688 2461 Dolabella,
700 2406 851 2461 contracto,
867 2399 945 2466 quod

135 2475 198 2522 erat
206 2468 341 2530 militam,
359 2474 470 2520 terrore
480 2469 598 2517 nominis
609 2467 737 2532 Romani,
756 2476 792 2532 et,
813 2468 945 2537 quiaNu·

132 2539 227 2590 midae
241 2538 365 2604 pediturn
380 2539 467 2590 aciem
483 2535 558 2610 ferre
573 2542 727 2603 nequeunt,
745 2541 835 2605 primo
849 2539 891 2588 sui
903 2539 945 2589 in·

73 2636 77 2642 ·
137 2623 218 2660 ceusu
227 2607 311 2659 solvit
321 2607 465 2668 obsidium,
476 2605 656 2671 locorumque
667 2613 825 2671 opportuna
834 2621 947 2673 permu-

137 2678 220 2728 nirita
241 2675 480 2743 simall'n'ncipes
499 2667 730 2740 Musulanorum,
756 2675 961 2730 delectionem.
