2034 3025
85 116 220 172 aran.
241 116 322 169 cnr.
337 114 454 167 rr-ro.
473 116 632 188 [auara
647 96 785 189 acan]
811 121 843 175 u

41 190 283 207 ——-.-*.h.-.-—
291 193 450 205 *ω’--

40 226 134 275 siluam
147 226 309 281 tenuerant.
320 222 348 271 in
359 226 470 286 aperta;
488 224 536 288 qui
550 224 655 287 campis
671 223 846 285 adstiterunt,

40 295 64 343 in
75 294 175 343 silvam
187 290 316 341 ruebant.
337 290 419 341 medii
431 293 504 341 inter
522 291 573 341 bos
585 291 716 343 Cherusci
726 292 846 345 coitibus

42 362 278 412 intrudebantur:
298 360 370 411 inter
386 374 454 426 quos
468 361 584 427 insignis
596 360 737 410 Arminius
753 376 845 419 manu.

41 446 119 493 noce,
141 429 261 479 vulnere
281 430 457 479 rustontabat
475 442 608 495 pugnam:
626 430 846 496 incubueratque

42 499 203 566 sagittariis,
214 496 264 546 illa
273 503 416 561 rupturus,
427 499 454 547 ni
465 496 614 550 Raetorum
626 498 847 549 Vindelicorum-

43 574 132 635 queat
143 566 273 619 Gallicae
285 564 413 616 cobortes
427 566 506 633 signa
525 568 699 619 obiecissent.
728 570 789 619 nisu
806 576 847 617 ta·

43 654 101 687 nien
113 630 244 701 coiporis
255 640 284 685 et
294 638 398 700 impetu
409 639 470 702 equi
483 638 613 702 pervasit,
632 634 737 687 obiitus
748 636 846 688 isrirrn

41 722 90 757 suo
102 720 213 765 cruore,
226 720 261 755 ne
272 712 440 755 nosceretur.
458 705 580 771 quidam,
594 705 720 773 agnitus·
728 721 747 757 a
759 703 847 757 Ctes-

42 775 87 835 rir‚
106 775 184 825 inter
193 772 302 825 icamia
313 771 435 824 Hemone
446 774 599 842 egentibus,
609 774 781 843 emittamque
790 783 846 827 tra·

42 846 182 895 diderunt.
221 841 375 893 Virtusseu
386 841 463 893 fraus
479 843 576 895 mem
587 844 763 911 Inguiomero
778 844 846 897 effa·

39 917 112 979 gium
136 912 230 963 dedit:
250 912 336 962 ceteri
357 912 457 976 passim
476 914 615 964 trucidati.
642 920 672 963 et
690 913 847 981 picemque,

38 992 154 1032 tranare
165 982 307 1045 Visurgim
322 986 466 1043 turbantes,
485 984 586 1033 iniecta
599 982 666 1043 teia,
685 990 735 1033 aut
743 986 784 1033 ris
795 982 834 1035 ns

38 1054 134 1111 minis,
155 1055 299 1115 postremo
315 1049 401 1100 moles
418 1053 556 1101 ruentium
568 1058 597 1102 et
606 1051 759 1104 incidentes
769 1054 846 1118 ripae

39 1134 186 1185 operuere.
204 1118 314 1185 quidam
326 1120 398 1184 turpi
410 1118 477 1187 iuga
485 1122 515 1171 in
525 1135 633 1171 summa
642 1121 773 1171 arborum
784 1123 847 1181 nisi,

38 1190 178 1255 ramisque
190 1202 221 1237 se
232 1186 412 1249 occultantes,
432 1189 550 1239 admotis
564 1190 727 1257 sagittariis,
744 1204 796 1257 per
806 1190 847 1241 iu·

39 1258 160 1309 dibriunr
173 1257 344 1323 figebantur:
355 1257 425 1307 aiios
437 1266 568 1325 prorutae
578 1261 693 1311 arbores
701 1258 846 1311 addixere.

39 1328 145 1393 Magna
155 1342 189 1378 ea
201 1328 324 1387 victoria,
340 1341 429 1392 neque
440 1334 555 1379 cruenta
567 1329 645 1379 nobis
655 1328 716 1381 init.

91 1396 195 1447 xviii.
214 1396 318 1457 Quinta
334 1396 368 1445 ob
382 1394 451 1446 hara
465 1396 520 1449 diei
535 1396 571 1447 ad
587 1406 696 1448 noctem
711 1398 784 1447 caesi
799 1396 849 1446 bo·

40 1470 96 1516 stes
114 1464 212 1516 decem
227 1464 317 1514 miliia
331 1478 460 1530 paeonum
477 1466 658 1517 cadaveribus
669 1472 753 1531 atquo
763 1466 848 1515 armia

39 1535 205 1600 opplevere3
222 1536 340 1598 nepertia
350 1537 423 1585 inter
433 1535 629 1600 spatiatorem
641 1533 759 1594 catenis,
780 1547 849 1599 quaa

38 1607 67 1654 in
82 1606 232 1664 Romanos,
242 1611 274 1652 ut
283 1617 337 1653 non
349 1604 433 1654 dubio
444 1609 555 1664 evento,
566 1609 752 1669 portaverant.
766 1601 849 1652 Miles

38 1677 67 1722 in
79 1673 143 1723 loco
155 1672 405 1737 proelii'l‘iberium
413 1670 613 1738 imperatorem
624 1672 765 1732 salutarit,
775 1677 848 1720 stru·

20 1740 24 1743 ’
39 1745 135 1809 xitque
145 1755 288 1809 aggerem,
299 1744 365 1791 etin
377 1742 489 1792 niodum
498 1749 675 1808 tropaeorum
687 1755 774 1802 arma,
784 1739 846 1793 sub·

40 1811 148 1876 scriptis
161 1810 295 1860 victarum
307 1812 430 1877 gentium
442 1812 606 1872 nominibus,
618 1813 750 1877 inposuit

89 1877 166 1932 XlX.
187 1879 270 1929 Haud
290 1880 404 1945 perinde
424 1879 578 1942 Germanos
596 1880 726 1941 vulnera,
744 1881 846 1939 lucion,

40 1949 157 2009 excidia,
178 1962 259 2014 quarn
276 1963 310 1998 oo
324 1949 444 2018 species,
466 1949 563 2003 iuniore
578 1949 779 2003 etiraadiecit.
798 1949 850 2016 qui

40 2019 121 2068 modo
133 2019 213 2068 abire
225 2017 334 2071 sedibus
348 2024 426 2068 trans
436 2019 526 2070 dibirn
537 2019 691 2070 concedere
701 2019 846 2086 parabant,

40 2101 160 2154 pugnam
172 2085 278 2148 volunt,
293 2101 371 2136 arma
380 2091 503 2153 rapiunt:
522 2088 626 2155 plebes,
646 2089 790 2154 primores,
803 2090 845 2138 io·

40 2164 151 2217 ventus,
174 2165 254 2206 nentes
272 2166 371 2222 agmen
388 2156 542 2207 Romanum
560 2164 676 2224 repente
692 2157 845 2217 incursant,

40 2227 164 2276 turbant.
183 2229 322 2289 postremo
337 2225 463 2292 deligunt
477 2225 583 2288 locum,
605 2224 719 2277 flumine
728 2233 759 2278 et
768 2225 845 2276 silvis

39 2294 174 2355 clausurn,
185 2293 248 2344 arta
255 2295 331 2344 intus
342 2294 455 2360 planitie
466 2301 494 2346 et
503 2295 628 2346 humida:
640 2295 725 2346 siivas
734 2308 845 2362 quoque
885 2339 892 2358 ,

38 2362 183 2427 profunda·
202 2361 281 2428 palus
302 2364 433 2425 ambibat,
454 2365 506 2415 nisi
522 2365 597 2432 quod
611 2364 780 2416 iatusunum
792 2365 845 2414 An·

38 2433 152 2496 grinarii
166 2431 225 2482 lato
236 2445 339 2498 aggere
348 2433 516 2498 extulerant,
530 2449 585 2500 quo
597 2448 615 2483 a
623 2432 769 2484 Cheruscis
778 2433 844 2483 diri·

38 2505 192 2552 merentur.
212 2499 255 2550 bic
266 2501 349 2566 pedes
359 2502 478 2554 adstitit:
499 2504 620 2570 equitem
631 2501 793 2568 propinquis
803 2500 845 2547 iu·

38 2571 74 2686 pis
94 2576 211 2630 texere,
229 2575 263 2620 ut
281 2571 414 2638 ingressis
432 2573 531 2623 silvam
552 2572 709 2640 legionibus
729 2583 746 2619 a
764 2571 846 2628 “¹8⁰

50 2652 120 2688 oret.
344 2665 346 2670 ’
737 2647 741 2655 ’
