2034 3025
156 106 175 157 4
277 80 504 155 nuunrnvn
526 98 569 167 [n.
580 101 613 152 r.
625 104 682 165 723·
699 99 731 151 n.
743 102 772 151 c.
782 67 836 167 312]

134 260 137 265 .
155 199 235 249 Rom.
246 212 378 265 prospera
387 197 431 249 vel
446 198 562 247 adversa
572 197 655 247 claris
665 198 846 263 scriptoribus
857 212 969 248 memo·

154 268 219 317 rata
234 272 319 329 sonte
332 266 559 335 temporibusque
573 266 690 332 Augusti
703 266 827 319 dicendis
842 279 899 316 uon
916 266 963 317 de·
1002 289 1004 304 =

117 357 121 363 ·
155 335 236 387 fuere
252 336 353 387 deeora
363 336 483 401 ingenia,
498 334 586 386 donec
595 335 731 401 gliscente
740 325 904 386 adulatione
916 334 964 386 de·

154 410 338 456 terrerentur.
374 404 479 455 'liberii
495 404 608 471 Gaiique
625 409 655 455 et
672 404 781 455 Claudii
791 419 825 455 ac
839 402 964 455 Neronis

155 488 210 535 ros,
221 473 385 525 florentibus
395 473 470 539 ipsis,
481 473 518 523 ob
528 478 632 523 metum
643 472 745 537 falsae3
760 479 910 541 postquam
919 487 963 523 oo·

155 541 291 607 uiderant,
300 543 456 595 recentibus
468 542 539 593 odiis
550 543 720 608 compositae
729 547 803 593 sunt.
818 541 887 593 lnde
898 556 964 593 con·

155 611 248 661 silium
265 610 343 673 mibi,
366 625 452 679 pauca
472 611 507 662 de
518 611 642 677 Augusto
658 615 687 663 et
701 616 827 662 extrema
838 610 964 671 tradere,

144 695 221 731 *mox
232 681 337 731 Tiberii
348 682 532 747 principatum
543 686 572 731 et
582 684 675 733 cetera
680 695 688 744 3
699 681 757 734 sine
767 680 850 734 iract
859 680 955 732 studio

156 762 273 817 quorum
285 764 396 799 caussas
407 749 507 816 procul
518 748 616 801 habeo.
955 772 962 783 ‹

208 819 242 871 ll.
260 817 423 886 Postquam,
443 818 532 869 Bruto
544 824 573 871 et
583 819 678 872 Cassio
690 818 794 883 caesis,
813 816 893 869 nulla
906 817 965 869 iam

156 886 268 953 publica
288 900 379 949 arura,
398 887 546 954 Pompeius
565 888 639 956 apud
659 888 784 940 Siciliam
804 899 965 954 oppressus,

156 954 297 1023 erutoque
307 954 423 1023 Lepido,
433 956 580 1009 interiecto
592 959 722 1021 Antonio,
732 973 767 1010 ne
777 958 895 1009 Iulianis
905 958 965 1024 qui·

157 1024 218 1077 dem
232 1026 356 1090 partibus
366 1027 417 1077 nisi
425 1028 527 1078 Caesar
537 1027 593 1078 dux
602 1027 740 1095 reliquus:
752 1028 844 1093 posito
854 1024 965 1078 Trioni·

155 1093 210 1145 oiri
220 1096 339 1157 nornine,
355 1095 502 1147 Consulem
514 1110 544 1147 se
554 1095 660 1159 ferens,
681 1096 755 1147 etad
765 1095 899 1147 tuendam
908 1094 965 1161 ple·
1001 1149 1005 1156 ,

159 1164 221 1214 bem
232 1164 392 1215 Tribunicio
406 1165 466 1215 iure
483 1170 657 1228 contentum3
672 1165 727 1231 „ubi
740 1165 857 1215 militem
874 1164 966 1224 donis,

157 1232 291 1298 populum
301 1248 420 1294 annona,
436 1239 551 1285 cunctos
562 1234 708 1285 dulcedine
719 1235 769 1284 otii
780 1234 908 1300 pellexit,
923 1234 965 1282 in·
1004 1287 1005 1294 χ

62 1337 68 1345 s
157 1316 272 1367 surgere
283 1302 435 1367 paullatim,
447 1306 541 1353 munia
550 1300 679 1365 Senatus,
690 1304 914 1369 magistratuum,
925 1301 965 1351 le·

158 1384 224 1438 gum
235 1370 262 1419 in
273 1385 302 1421 se
314 1368 434 1432 trahere,
446 1371 523 1420 nullo
534 1371 714 1434 adversante3
726 1386 785 1421 cum
799 1370 965 1423 ferocissimi

156 1454 209 1507 per
220 1440 294 1491 acies
311 1444 360 1490 aut
375 1442 577 1506 proscriptione
589 1440 764 1502 cecidissent,
785 1440 872 1491 ceteri
887 1440 966 1490 noni.

157 1508 236 1571 lium,
248 1515 351 1576 quanto
363 1510 423 1577 quis
433 1510 545 1561 servitio
557 1510 718 1575 promptior,
729 1508 827 1576 opibus
837 1514 866 1560 et
877 1506 966 1560 bono-

158 1580 235 1630 ribus
252 1579 468 1640 extollerentur,
488 1578 522 1629 ac'
538 1577 615 1627 novis
630 1593 664 1630 ex
679 1579 763 1629 rebus
777 1576 925 1629 auctituto
935 1581 966 1628 et

66 1677 72 1694 s
159 1649 324 1714 praesentia,
340 1663 421 1715 quam
430 1652 526 1698 vetera
536 1652 565 1696 et
576 1646 738 1712 peribulosa
748 1645 872 1698 mallent.
909 1644 966 1698 Ne·

159 1727 213 1785 quc
228 1717 386 1780 provinciae
402 1707 480 1765 illurn
495 1730 587 1766 rerum
609 1712 712 1766 statum
733 1716 899 1778 abnuebant,
919 1730 966 1764 su·

160 1791 255 1849 specto
266 1783 383 1834 Senatus
394 1783 544 1851 populique
555 1780 685 1849 imperio,
705 1784 740 1835 ob
752 1785 904 1836 certamina
916 1798 967 1849 po·

158 1854 279 1904 tertium
291 1857 319 1903 et
330 1855 473 1903 avaritiam
485 1853 712 1920 magistratuum
732 1853 853 1904 invalido
869 1853 966 1919 legum

102 1971 115 1978 ,
159 1920 279 2041 {mmm
299 1923 420 1988 quaeri,
439 1923 555 1984 ambitu,
574 1926 715 1988 postremo
736 1923 856 1989 pecunia
870 1923 966 1993 ttrrba·

180 1993 270 2040 antur.
323 2036 327 2049 ,
662 2044 669 2051 ,

221 2060 269 2110 iii.
294 2059 422 2111 Ceterum
443 2060 598 2127 Augustus,
622 2059 747 2113 subsidia
769 2058 967 2121 dominationi,

151 2127 306 2192 ‚Claudium
317 2129 490 2190 Marcellum,
507 2130 612 2179 sororis
622 2124 717 2190 lilium,
733 2128 881 2179 admodum
895 2127 966 2179 adu·

141 2263 146 2268 -
159 2196 317 2260 lescentem,
329 2197 494 2249 Pontiiicatu
505 2203 534 2250 et
544 2196 634 2249 curuli
645 2197 805 2260 Aedilitate3
816 2197 855 2247 Μ.
865 2196 968 2264 Agrip·

161 2280 233 2332 pain,
249 2267 398 2332 ignobilem
418 2268 493 2328 loco,
513 2267 616 2317 bonum
627 2265 727 2316 militia
737 2271 767 2318 et
776 2265 909 2317 victoriae
920 2280 967 2316 so·

162 2336 244 2397 cium,
255 2337 400 2402 geminatis
412 2336 600 2388 consulatibus
611 2335 725 2386 extulit:
745 2348 819 2396 mox,
829 2333 966 2388 defuncto

160 2403 312 2467 Marcello,
332 2419 464 2471 generum
479 2405 607 2468 sumpsit:
628 2405 769 2454 Tiberium
780 2402 919 2455 Neronem
935 2410 967 2456 et

161 2473 306 2527 Claudium
324 2474 453 2535 Drusum,
473 2475 622 2545 priuignos,
642 2473 830 2537 imperatoriis
844 2474 968 2524 nomint·

159 2543 212 2594 b'us
223 2543 309 2604 auxit,
324 2544 433 2609 integra
444 2544 527 2592 etiam
538 2547 598 2592 tum
609 2542 690 2593 domo
701 2555 760 2592 sua.
779 2556 841 2592 nam
851 2543 965 2610 genitos

160 2613 294 2680 Agrippa,
313 2611 407 2686 Caium
422 2627 454 2664 ac
468 2611 599 2675 Lucium,
619 2611 647 2665 in
663 2610 798 2663 familiam
810 2613 962 2666 Caesarum
992 2680 997 2694 .
