2034 3025
93 78 172 170 niu
186 115 267 171 xiv.
284 109 472 174 cineam
492 115 688 188 [ausum.
699 124 730 178 c.
740 75 794 192 ⁶12]
813 125 887 181 aar

60 225 146 296 fore,
171 239 231 280 cum
247 240 276 275 eo
291 223 643 296 sumptultesp.fungutur.
677 238 815 281 oratorum
831 247 863 286 ue
939 271 942 277 ,

62 301 158 346 nutum
182 291 311 362 erictonius
334 292 541 346 incitamentum
563 292 680 362 ingeniis
708 296 866 353 adlaturus.-

62 377 112 414 uec
122 359 168 413 cni
186 376 248 412 uam
262 360 347 411 iudici
355 378 441 429 grave
456 377 538 414 aures
551 362 649 413 studiis
658 361 774 416 honestis
785 373 813 416 et
822 382 865 420 vo·

63 379 215 496 luptatigus
228 428 356 480 concessis
366 428 513 496 inpertire.
547 429 672 486 ketitt'ae
685 432 774 500 magis
784 449 864 499 quam

8 551 11 556 ,
62 497 192 550 lasciuiae
203 497 265 548 duri
272 497 750 578 paucustotiuspuiupueuniiuoctet,
761 499 864 569 quibus,

61 573 145 618 tauta
165 568 223 618 lucc
242 565 361 632 ignium,
388 565 458 632 uiuit
474 565 612 618 salicetum
625 569 759 620 occultari
773 579 864 636 queat.

62 633 137 686 Sane
155 634 233 686 nullo
251 635 351 702 insigni
372 633 618 687 dehonestamento
631 635 659 686 id
678 638 867 703 spectaculum

61 704 184 754 transiit.
211 705 258 756 'Ac
272 719 307 755 ne
322 703 432 755 modica
447 703 557 770 quidem
574 705 668 757 studia
682 707 770 773 plebis
786 721 863 758 exar·
884 742 894 755 ,

62 787 139 834 scre,
154 769 244 838 'quia,
271 772 373 824 redditi
383 787 547 840 quamquam
557 789 671 836 scenae,
698 774 866 826 Pantomimi

62 842 261 894 certaminibus
271 845 357 894 sacris
366 841 593 910 prohibebantur.
616 843 800 910 Eloquentiae
810 845 865 911 pri-

60 923 123 961 mas
134 925 214 962 nemo
225 910 305 973 tulit,
329 913 392 974 sed,
413 911 606 962 victoremesre
617 909 775 975 Caesarem,
802 928 866 980 pro·

62 980 230 1030 nuntiatum.
267 978 508 1041 Graeciamictus,
526 980 864 1048 quispereosdiespleri-

62 1063 117 1114 qne
127 1049 307 1111 incesserant,
326 1054 386 1099 tum
397 1048 581 1103 exoleverant

114 1115 204 1168 XXll.
220 1116 298 1168 inter
316 1131 388 1184 quae
407 1123 436 1168 et
450 1116 527 1168 sidus
543 1121 663 1168 cometes
684 1116 801 1168 effulsit:
830 1119 865 1171 de

38 1242 41 1252 Ι
62 1197 119 1252 quo
129 1182 206 1251 vulgi
222 1186 315 1252 opinio
330 1190 387 1249 est,
414 1190 556 1252 tamquam
573 1186 751 1238 mutationem
763 1187 866 1254 Regnis

62 1253 221 1320 portendat.
256 1254 354 1320 Igitur,
372 1255 449 1322 quasi
458 1255 513 1306 iam
525 1253 642 1322 depulso
652 1253 777 1318 Nerone,
795 1257 866 1323 quis·
954 1285 959 1296 ι
987 1227 994 1244 ⁸

62 1337 127 1372 nam
139 1322 324 1388 deligeretur,
351 1323 543 1389 anquirebant.
580 1321 740 1374 etomnium
751 1325 865 1376 oreltu·

62 1389 163 1452 belliue¹
176 1389 290 1441 Plautus
303 1388 510 1453 celebrabatur,
533 1392 578 1441 cui
587 1391 731 1453 nobilitas,
749 1407 799 1458 per
809 1407 865 1443 ma-

62 1464 150 1524 trem,
177 1473 211 1509 ex
225 1458 420 1512 luliafamilia.
456 1459 519 1526 lpse
535 1459 638 1525 placita
647 1461 783 1510 maiorum
794 1460 866 1513 colc-

63 1529 122 1590 bat,
146 1526 365 1591 babituserero,
389 1532 466 1579 casta
476 1532 504 1580 et
513 1526 727 1589 secretadomo,
750 1534 865 1603 quanto·

63 1612 116 1663 quc
127 1601 205 1647 metu
216 1598 363 1659 occultior,
390 1595 777 1662 tantoplnsfamaeadeptus.
813 1597 866 1648 Au-

63 1663 864 1731 xitrumoremparivanitateortainterpretatiofulgnris.
942 1724 954 1734 ³

13 1776 17 1787 .
63 1733 149 1795 Nam,
175 1734 240 1800 quia
259 1734 456 1785 discumbentis
475 1733 594 1784 Neronis
613 1732 687 1799 apud
708 1731 866 1787 Simbruina

63 1807 176 1868 stagna,
203 1803 247 1853 cui
268 1801 448 1868 Sublaqueum
466 1816 568 1853 nomen
587 1808 644 1864 est,
678 1802 750 1853 ictae
771 1802 864 1869 dapes,

61 1884 214 1936 mensaque
225 1871 339 1922 disiecta
349 1876 418 1934 erat,
433 1871 517 1939 idque
528 1872 628 1922 tinibus
638 1869 783 1923 Tiburtum
796 1876 866 1924 acci·

61 1940 246 2002 derat‚-unde
257 1944 374 2005 paterna
382 1939 482 1992 Plauto
493 1940 587 2007 origo,
608 1938 681 1990 hunc
690 1938 770 1989 illum
779 1944 866 1991 numi·

61 2023 98 2059 ne
112 2008 204 2077 Deum
224 2007 357 2059 destinari
377 2007 535 2061 credebant.
570 2008 756 2075 fovebantque
765 2010 865 2074 multi,

61 2077 175 2143 quibus,
202 2091 275 2138 nova
292 2081 321 2127 et
336 2077 467 2143 ancipitia
481 2077 654 2144 praecolere,
681 2077 763 2129 arida
773 2083 801 2129 et
810 2078 866 2143 ple·
890 2128 893 2134 ,

62 2158 183 2211 rumque
193 2144 281 2195 fallax
292 2145 405 2197 ambitio
416 2152 466 2197 est.
501 2148 576 2213 Ergo
586 2151 727 2212 permotus
737 2147 771 2195 iis
781 2145 867 2206 Nero,
937 2146 943 2157 ‘

62 2215 205 2279 componit
216 2214 251 2264 ad
262 2214 390 2265 Plautum
402 2213 519 2277 litteras,
530 2215 680 2267 consuleret
689 2212 774 2282 quieti
783 2212 867 2276 urbis,

62 2287 142 2347 seque
154 2298 240 2349 praee
256 2280 463 2350 dfflumuutibus
478 2282 658 2334 subtraberet.
694 2297 749 2332 esse
763 2280 866 2346 illi-per

15 2404 20 2409 ,
60 2349 158 2402 Arium
168 2350 257 2414 unitos
266 2366 358 2419 agros,
376 2349 406 2403 iu
416 2350 511 2417 quidus
522 2359 584 2403 tutu
593 2359 621 2401 et
627 2349 766 2401 inturbida
775 2348 868 2401 iucen-
953 2408 956 2411 ,

61 2428 93 2500 tq
95 2418 257 2498 frueretur.
292 2419 336 2471 lta
350 2419 418 2472 illuc
433 2434 495 2471 cum
506 2422 623 2485 coniuge
633 2419 752 2471 Antistia
762 2422 790 2469 et
799 2432 867 2483 pau·

62 2502 102 2537 crs
114 2485 445 2540 familiariumconcessit.
466 2486 774 2542 *lisdemdiebusnimia
785 2486 866 2536 luxus
883 2514 887 2519 -
941 2539 950 2545 ,

62 2555 164 2622 cupido
174 2553 315 2608 infamiam
328 2564 356 2609 ct
366 2556 520 2623 periculum
529 2556 633 2607 Neroni
642 2554 717 2618 tulit,
734 2555 800 2620 qnia
808 2551 867 2602 ion·

62 2626 122 2676 tem
134 2638 224 2692 aquae
234 2626 371 2690 Marciae,
394 2625 429 2678 ad
442 2626 538 2687 urbem
548 2623 699 2685 deductae,
723 2618 814 2672 nando
826 2620 871 2672 in·
931 2661 933 2664 .
