2034 3025
219 126 437 180 nmnoovs
459 102 651 182 cineras.
781 130 834 185 aar

28 249 91 285 rum
103 244 230 290 manum,
245 227 363 278 multum
374 228 404 277 in
416 227 460 279 bis
471 230 571 280 studiis
584 245 685 297 operae
696 247 834 299 curaeque
865 290 867 293 ,

27 302 167 369 posuisse:
186 312 239 349 nec
257 311 421 362 quemquam
436 297 494 348 illis
508 300 680 365 temporibus
703 314 833 369 magnam

27 370 193 438 potentiam,
213 366 273 417 sine
285 365 453 431 eloquentia,
470 372 657 419 consecutum.
694 370 748 422 llio
759 384 834 421 aece-

27 440 113 491 debat
123 433 255 504 splendor
263 450 356 486 rerum
368 441 398 500 et
407 436 572 503 magnitudo
582 451 752 504 caussarum,
762 452 833 505 quae
908 432 914 439 ”

27 515 59 560 et
69 509 131 575 ipsa
141 504 288 572 plurimum
300 504 477 570 eloquentiae
492 511 646 572 praestant.
682 506 754 559 Nam
765 508 834 559 mul·

26 585 87 628 tum
99 577 232 635 interest,
253 577 384 624 utrumne
400 573 435 625 de
451 573 539 637 furto,
561 581 609 626 sut
620 574 741 627 formula
753 581 782 628 et
792 576 833 627 in·

26 646 165 705 terdicta,
187 640 334 694 dicendum
349 640 467 706 habeas,
488 658 525 694 an
538 644 572 695 de
589 644 697 695 ambi⁴u
709 645 835 697 comitio·
928 704 933 715 .

27 729 101 776 rum,
110 712 243 780 expilatis
254 710 338 762 sociis
349 717 378 763 et
388 712 493 763 civibus
504 713 661 764 trucidatis.
679 729 750 781 quae
762 712 836 765 mala

26 784 102 835 sicut
112 796 169 833 non
180 780 307 833 accidere
318 780 416 832 melius
427 787 479 844 est,
490 783 570 849 isque
582 783 703 849 optimus
714 783 835 835 civitatis

26 857 119 904 status
129 850 273 903 habendus
285 855 337 913 est,
348 864 402 917 quo
415 849 485 902 nihil
497 851 553 903 tale
566 852 699 918 patimur:
710 852 762 915 ita',
773 867 834 903 eum

26 921 201 987 acciderent,
221 920 366 986 ingentem
382 920 560 987 eloquentiae
577 922 724 975 materiam
735 920 835 973 submi·

26 991 196 1043 nistrabant.
232 989 339 1041 Crescit
361 990 514 1039 enimcum
535 991 719 1056 amplitudine
741 1005 835 1043 rerum

25 1062 70 1111 nis
85 1058 206 1127 ingenii,
227 1071 278 1107 nee
295 1056 441 1122 quisquam
457 1055 561 1107 claram
572 1064 601 1109 et
611 1059 758 1109 inlustrem
774 1072 836 1110 ora·

26 1130 135 1180 tionem
147 1126 258 1180 efficere
269 1128 376 1191 potest,
393 1124 446 1176 nisi
457 1128 503 1190 qui
517 1140 640 1177 caussam
652 1141 750 1192 parem
761 1128 835 1177 inve·
858 1160 862 1169 ·

27 1199 80 1248 nit
99 1196 164 1248 Non
176 1194 276 1262 opinor
286 1193 508 1245 Demosthenem
519 1196 663 1247 orationes
673 1196 835 1259 inlustrant,

28 1282 98 1334 quas
114 1266 248 1318 adversus
263 1268 373 1313 tutores
388 1277 454 1314 suos
471 1266 638 1331 composuit:
657 1280 711 1317 nee
727 1264 836 1316 Cicero·
880 1260 882 1277 ¹

27 1352 95 1387 nem
105 1344 240 1403 magnum
250 1338 392 1384 oratorem
397 1331 427 1382 P.
433 1333 580 1395 Quinctius
586 1333 727 1396 defensus,
736 1337 785 1384 aut
790 1330 837 1385 Li-

28 1406 120 1455 cinius
131 1403 256 1465 Archias,
267 1401 386 1455 iaciunt:
398 1402 520 1452 Catilina
531 1408 560 1454 et
570 1402 640 1453 Milo
653 1407 683 1453 ot
694 1401 795 1453 Verres
807 1405 837 1453 et

28 1474 168 1528 Antonius
179 1470 250 1524 banc
261 1469 305 1521 illi
317 1468 419 1522 famam
428 1470 682 1524 circumdederuntz
694 1485 760 1536 non,
771 1470 837 1536 quia

28 1544 103 1594 tanti
119 1541 186 1603 fuit,
205 1540 413 1607 Rempublicam
429 1541 517 1592 malos
532 1540 608 1593 ferre
620 1541 707 1604 eires,
728 1546 760 1591 ut
771 1541 836 1592 ube·

29 1628 90 1663 rem
102 1611 137 1662 ad
149 1610 296 1661 dicendum
307 1610 455 1661 materiam
467 1607 594 1662 oratores
605 1609 753 1663 haberent:
775 1607 835 1672 sed,

28 1687 62 1733 ut
72 1680 190 1732 subinde
202 1678 350 1740 admoneo,
366 1679 538 1744 quaestionis
549 1679 769 1741 meminerimus,
785 1679 836 1730 sci·

29 1764 172 1816 amesque,
183 1763 235 1799 nos
245 1747 281 1799 de
293 1762 327 1798 ea
337 1763 368 1799 re
379 1749 463 1815 loqui,
476 1764 547 1817 quae
557 1747 667 1800 facilius
678 1748 794 1800 turbidis
807 1757 836 1798 et

28 1821 163 1888 inquietis
174 1816 347 1884 temporibus
359 1819 476 1869 exstitit.
514 1818 582 1880 Quis
593 1820 720 1885 ignorat,
738 1816 835 1868 utilius

29 1890 172 1941 aemelius
183 1902 254 1950 esse,
265 1885 320 1938 frui
332 1900 501 1953 paee‚quam
511 1887 586 1939 bello
597 1884 708 1937 vexari!
736 1885 836 1938 Plures
923 1902 928 1908 ·

29 1967 123 2011 tamen
135 1959 224 2011 bonos
235 1956 420 2024 praeliatores
431 1955 519 2018 bella,
542 1971 624 2024 quam
640 1970 709 2021 pax,
730 1954 834 2008 ferunt.

30 2028 135 2081 Similis
147 2027 325 2095 eloquentiae
337 2025 469 2077 conditio.
496 2025 578 2089 Nam,
590 2039 644 2092 quo
656 2026 767 2094 saepius
779 2027 834 2074 ste-

30 2099 98 2148 terit
118 2103 257 2162 tamquam
278 2096 309 2148 in
330 2096 399 2159 acie,
422 2110 531 2161 quoque
553 2095 646 2161 plures
663 2100 692 2147 et
706 2092 834 2148 intulerit

27 2168 100 2218 ictus
112 2170 141 2216 et
152 2165 307 2231 exceperit,
330 2180 385 2232 quo
400 2164 490 2216 maior
505 2163 682 2216 adversarius
694 2170 722 2216 et
734 2162 833 2222 acrior,

28 2235 138 2302 quicum
150 2246 258 2300 pugnas
267 2233 322 2284 sibi
329 2247 443 2298 asperas
451 2233 649 2299 desumpserit,
660 2238 740 2283 tanto
749 2230 834 2280 altior

28 2310 58 2357 et
69 2301 205 2367 exoelsior
216 2305 256 2362 et,
267 2301 322 2351 illis
334 2301 498 2353 nobilitatus
509 2301 726 2364 discriminibus,
742 2300 770 2360 in
783 2312 836 2352 ore

28 2371 171 2424 bominum
177 2370 246 2438 agit,
252 2384 369 2436 quorum
375 2376 517 2422 eanatura
522 2377 575 2433 est,
586 2375 618 2419 ut
628 2367 831 2420 seeursnolint.

80 2439 233 2492 xxxvln.
249 2439 375 2491 Transeo
386 2439 421 2489 ad
432 2437 550 2490 formam
563 2444 591 2490 et
602 2436 830 2490 consuetudinem

26 2515 154 2563 veterum
168 2507 348 2560 iudiciorumz
367 2523 438 2575 quae
455 2509 510 2560 etsi
518 2523 598 2564 nunc
608 2507 700 2572 aptior
712 2510 756 2558 est
767 2505 831 2556 ciri·

26 2579 94 2641 tati,
109 2578 272 2645 eloquentia
282 2583 376 2629 tanren
386 2576 457 2627 illud
469 2576 560 2631 iorum
571 2577 660 2643 magis
672 2573 830 2634 exercebat,

25 2652 57 2702 in
67 2661 122 2714 quo
133 2661 215 2700 nemo
226 2647 300 2700 intra
315 2647 495 2715 paueissimas
506 2643 591 2698 boras
606 2659 738 2713 perorare
750 2656 829 2711 eoge-
