2034 3025
159 95 272 148 bibl.
291 91 507 146 cliuus-uo.
528 91 813 161 [A.v.s23.A.C.7o,]
853 91 890 144 w

84 202 210 270 partibus
221 203 349 263 meritus,
367 201 445 252 nullo
461 199 534 264 apud
545 200 691 254 Vitellium
706 201 811 254 bonore
825 203 888 254 une

83 273 202 323 secretis
226 286 288 322 eum
313 271 553 334 criminationibus
580 269 765 323 infamaverat
785 268 889 322 Fabius

84 343 214 408 ignarum
225 344 261 403 et,
279 354 334 407 quo
344 341 484 392 incautior
493 339 675 407 deciperetur,
693 340 784 408 palam
795 339 890 391 lauda·

84 416 155 460 tum.
359 424 362 430 ’
446 415 448 420 ’

140 478 226 531 LXV.
262 475 390 529 Veterem
404 477 477 528 inter
490 477 691 545 Lugdunenses
706 477 891 530 Viennenses-

87 561 142 614 que
153 546 318 598 discordiam
330 547 775 612 proximumbellumaccenderat.
786 546 891 598 multae

88 617 206 667 invicem
218 615 325 678 clades,
344 616 468 666 crebrius
483 614 679 685 infestiusque,
699 629 781 684 quam
791 619 892 666 uttan·

90 691 149 735 tum
168 691 282 751 propter
296 683 434 736 Neronem
449 684 620 752 Galbamque
638 689 820 752 pugnaretur.
855 684 894 735 Et

91 753 182 806 Galba
191 753 297 806 reditus
308 753 549 820 Lugdunensium,
568 755 713 806 occasione
722 756 792 816 irae,
809 753 893 804 inlis-

90 838 154 874 cnm
167 827 304 874 verterat:
333 823 437 873 multus
452 830 551 875 contra
564 825 592 873 in
608 822 780 875 Viennenses
794 821 894 874 bonor.

18 909 22 912 ·
90 891 165 943 unde
175 891 327 943 aemulatio
338 897 366 943 et
374 891 479 942 invidia
494 897 524 942 et
533 907 588 943 mm
599 904 679 945 amne
690 893 818 944 discretis
829 905 893 943 con·
1004 940 1013 946 .

91 975 192 1012 nexum
203 961 305 1013 odium.
341 961 430 1028 Igitur
436 961 637 1028 Lugdunenses
647 961 827 1014 exstimulare
838 962 894 1012 sin·

90 1030 173 1098 gulos
183 1030 318 1093 militum,
337 1034 404 1081 etin
415 1032 587 1082 eversionem
598 1030 796 1083 Viennensium
807 1029 894 1096 inpel-

90 1099 163 1160 lere,
182 1097 312 1150 olsessam
322 1098 420 1150 abillis
430 1098 561 1158 coloniam
573 1114 662 1162 mam,
680 1100 787 1151 adiutos
802 1096 895 1151 Vindi-

91 1167 265 1229 decanatus,
283 1169 451 1236 conscriptos
466 1183 553 1235 nuper
560 1168 677 1238 legiones
685 1168 716 1221 in
727 1165 895 1236 praesidius·

95 1235 366 1290 Gcldnerelerendo.
395 1243 433 1298 et,
451 1238 619 1290 ubioeussas
630 1238 757 1288 odiorum
767 1242 896 1304 praeten-

92 1305 207 1368 derant,
231 1306 449 1374 magnitudinem
468 1307 591 1375 praedae
610 1306 803 1359 ostendebant.
838 1305 897 1356 Nec

91 1375 148 1424 iam
165 1380 272 1427 secreta
286 1373 458 1438 exhortatio,
476 1375 526 1426 sed
542 1375 669 1440 publicae
685 1389 795 1441 precesc
816 1371 897 1424 Irene

92 1445 208 1503 ultores,
227 1442 413 1498 exscinderent
427 1443 514 1494 sedem
527 1443 629 1496 Gallici
638 1442 709 1494 leiti.
731 1435 898 1494 cunctus'lle‘c

94 1520 207 1567 externa
222 1520 249 1563 et
263 1509 388 1564 bestilia:
406 1528 433 1564 se
445 1510 576 1564 coloniam
589 1509 740 1564 Romanam
755 1519 783 1563 et
787 1519 898 1578 purtem

94 1577 230 1631 exercitus
239 1590 267 1632 et
273 1595 464 1647 prosperarum
474 1582 699 1646 adversarumque
709 1578 898 1633 rerumsoes‘os.

93 1646 240 1721 sifcrtuna
251 1656 347 1702 contra
359 1649 447 1713 claret,
464 1648 549 1702 iratis
558 1667 591 1703 ne
601 1649 828 1717 relinquerentur.

146 1716 246 1771 LXVI.
281 1719 334 1769 llis
345 1724 374 1771 et
383 1715 509 1787 pluribus
519 1721 549 1771 in
562 1718 682 1771 eundem
692 1718 819 1781 modum,
836 1730 900 1784 per·

93 1786 237 1855 pulerant,
254 1794 286 1841 ut
300 1804 335 1841 ne
345 1788 444 1857 Legati
455 1788 566 1857 quidem
581 1788 715 1843 aclluces
726 1789 846 1855 partium
856 1800 900 1839 re·
959 1825 964 1829 -

93 1858 197 1925 stingui
221 1872 305 1924 posse
326 1858 498 1910 iracundiam
524 1860 662 1912 exercitus
682 1858 900 1910 arbitrarenture
932 1878 938 1884 ·

93 1941 155 1979 cum
171 1924 245 1978 baud
259 1928 350 1995 ignari
365 1926 532 1980 discriminis
551 1930 596 1980 sui
612 1928 799 1991 Viennenses,
825 1924 900 1977 vela·

94 2001 189 2047 menta
198 2000 227 2048 et
237 1997 341 2048 infulas
352 1996 553 2063 praeferentes,
570 1998 618 2050 ubi
628 2012 727 2064 agmen
736 1998 901 2058 incesserat,

95 2078 184 2125 mma,
202 2080 306 2133 genua,
328 2068 446 2134 vestigia
465 2067 635 2133 prensando,
656 2065 760 2119 llexere
778 2061 901 2117 militum

96 2133 212 2183 animos.
247 2134 361 2185 Addidit
370 2135 475 2188 Valens
491 2132 620 2188 trecenos
637 2136 754 2204 singulis
764 2132 901 2185 militibus

95 2201 250 2251 sestertios.
278 2207 337 2253 tum
347 2208 471 2254 vetustas
482 2205 657 2272 dignitasque
667 2205 794 2256 coloniae
802 2202 900 2262 valuit,

96 2272 126 2322 et
135 2268 220 2320 verba
229 2268 322 2331 Fabii,
340 2270 459 2323 salutern
475 2272 901 2341 inco!nmitatemqueViennen·-

96 2340 168 2391 sium
179 2338 408 2403 commendantis,
424 2343 520 2408 aequis
531 2344 644 2394 auribus
654 2345 775 2408 accepta.
792 2339 903 2407 publice
979 2358 983 2363 ’

95 2416 190 2459 tamen
205 2408 289 2459 armis
305 2408 581 2463 mulctaNriratis
593 2417 622 2463 et
636 2410 799 2478 promiscuis
816 2424 849 2460 co
867 2409 903 2458 iis

96 2477 328 2530 iuveremilitem.
364 2476 419 2530 Sed
434 2483 460 2531 la
525 2486 656 2533 constans
667 2479 732 2542 luit,
749 2479 839 2547 ipsunt
874 2489 904 2527 s·

96 2546 192 2599 lentem
203 2547 496 2617 magnapecuniaemp
543 2564 563 2598 κ
598 2548 684 2601 lsdiu
698 2547 842 2610 sordidus,
859 2559 903 2595 re·

97 2620 178 2677 pente
190 2616 283 2691 (lires.¹
297 2618 479 2671 mutationem
491 2608 532 2682 io,
580 2629 624 2676 ‘ae
634 2615 708 2670 male
717 2615 844 2681 tegebat,
861 2625 904 2663 ac-

535 2689 609 2762 Ns
