2034 3025
82 117 84 123 ’
138 113 192 167 soc
280 94 845 189 sannarumqnataoxs.aaa}
924 114 927 121 ’

36 257 41 262 1
139 219 352 283 tempestatibus
367 224 396 271 et
411 218 515 269 morbis
528 220 704 285 insignivere.
739 220 859 273 Vastata
869 222 941 273 Cam-

139 289 225 353 pania
235 287 348 340 turbine
358 290 518 349 ventorum,
538 288 585 354 qui
600 286 689 350 uillas,
704 287 832 351 arbusta,
850 288 941 357 fruges

52 361 57 366 ’
139 358 243 421 passim
255 356 373 407 disiecit.
402 356 573 424 pertulitque
584 356 744 408 violentiam
756 358 792 408 ad
801 357 890 409 vicina
901 374 941 411 ur-

139 422 181 476 la:
201 428 229 475 in
241 441 296 493 qua
306 440 387 477 omne
398 426 556 475 mortalium
568 440 655 491 genus
664 428 704 476 vis
714 427 887 491 pestilentiae
897 428 939 479 de

140 494 336 561 populabatur,
346 493 424 543 nulla
434 494 504 545 coeli
514 495 688 560 intemperie,
703 509 774 562 quae
785 506 940 547 occurreret

141 562 239 612 oculis.
275 562 331 614 Sed
342 563 439 613 domus
449 564 610 629 corporibus
622 564 770 627 exanimis,
790 566 892 615 itinera
902 565 940 619 su·

140 632 264 693 neribus,
274 632 494 695 complebantur.
512 646 568 683 non
579 644 721 697 sexus,non
730 636 807 684 aetas
818 634 939 699 periculo

140 713 235 749 vacua.
259 700 373 749 servitia
383 700 498 764 perinde
509 704 538 751 et
548 702 671 766 ingenua
680 702 775 767 plebes
786 704 886 769 raptim
897 718 941 753 ex·

140 767 257 833 stingui,
278 769 351 835 inter
362 769 510 833 coniugum
520 772 549 819 et
558 768 711 823 lib'erorum
733 770 869 835 lamenta;
888 772 942 838 qui,

141 835 206 887 dum
217 834 353 898 adsident,
364 836 429 886 dum
440 835 551 899 delient,
562 850 645 901 saepe
655 838 753 888 eodem
760 853 829 907 rogo
841 854 941 893 crema·

140 904 258 955 bantur*
286 905 418 971 Equitum
430 903 651 971 senatorumque
660 906 799 970 interitus,
820 910 942 975 quamuis

94 974 97 979 '
140 974 300 1039 promiscui,
319 976 412 1025 minus
420 973 528 1025 flebiles
539 979 632 1037 erant3
650 978 793 1042 tamquam
804 976 943 1029 communi

140 1041 311 1093 mortalitate
321 1044 464 1094 saevitiam
475 1042 612 1107 Principis
623 1046 824 1109 praevenirent.
836 1046 943 1097 Eodem

140 1124 213 1162 anno
224 1110 348 1161 delectus
358 1125 408 1176 per
419 1110 539 1161 Galbam
550 1110 758 1163 Narbonensem
767 1111 944 1181 Africamque

140 1185 169 1231 et
179 1179 271 1230 Asiam
290 1178 377 1230 habiti
391 1184 464 1242 sunt,
483 1178 643 1244 supplendis
653 1180 759 1245 lllyrici
778 1178 945 1249 legionibus,

72 1282 75 1286 ›
141 1263 177 1301 ex
187 1245 288 1314 quibus
295 1252 388 1299 aetate
399 1252 448 1298 aut
456 1246 617 1299 valetudine
628 1246 694 1301 fessi
704 1252 878 1299 sacramento
888 1252 945 1301 sol.

139 1319 284 1370 rebantur.
318 1316 433 1370 cladem
443 1316 657 1383 Lugdunensem
669 1316 833 1384 quadragies
844 1323 946 1370 sester.

140 1389 181 1439 tio
192 1387 298 1438 solatus
309 1392 353 1439 est
362 1385 510 1453 Princeps,
529 1390 561 1436 ut
570 1387 673 1437 amisso
682 1384 746 1437 urbi
760 1394 945 1453 reponerents

141 1461 224 1526 quam
234 1457 379 1524 pecuniam
389 1456 592 1526 Lugdunenses
603 1460 668 1508 ante
678 1456 851 1520 obtulerant,
859 1458 946 1522 turbi-

141 1527 312 1578 discasibus.

191 1594 264 1649 XlV.
283 1598 312 1648 cs
323 1595 465 1661 Suetonio,
480 1595 514 1649 L.
525 1595 657 1650 Telesino
668 1611 738 1648 coss.
749 1596 883 1650 Antistius
894 1591 946 1646 So·

140 1667 249 1728 alanus,
268 1664 404 1718 factitatis
413 1668 443 1716 in
453 1666 593 1718 Neronem
609 1665 777 1725 carminibus
792 1665 946 1732 probrosis,

142 1733 250 1795 exsilio,
264 1733 372 1798 utdixi,
388 1735 532 1796 multatus,
549 1739 706 1800 postquam,
715 1733 744 1784 id
755 1731 949 1784 honorisindi·

142 1803 219 1854 cibus
229 1807 342 1867 tamque
351 1800 948 1869 promptumadcaedesl'rincipem,accepit‚

140 1872 249 1938 inquies
259 1873 364 1933 animo,
383 1877 413 1922 et
427 1873 602 1922 occasionum
612 1867 686 1920 baud
697 1871 798 1936 segnis,
819 1870 948 1922 Pamma-

141 1943 220 2002 nem‘,
240 1939 364 1991 eiusdem
375 1939 430 1990 loci
440 1937 566 1990 exsulem
576 1942 607 1988 et
618 1936 818 1989 Chaldaeorum
834 1944 895 1990 arte
907 1937 950 1989 fa·

140 2021 356 2074 monumenque
367 2008 516 2057 multorum
527 2007 656 2057 amicitiis
666 2007 809 2070 innexum,¹
816 2008 950 2062 similitu·-

71 2079 74 2084 ’
142 2075 207 2128 dine
217 2075 347 2127 fortunae
358 2076 410 2126 sibi
423 2075 563 2126 conciliat.
598 2075 745 2127 ventitare
756 2072 866 2127 adeum
877 2089 950 2144 nun·

140 2147 242 2205 tioset
256 2144 476 2196 consultationes
490 2157 547 2194 non
563 2143 668 2195 frustra
682 2149 778 2207 ratris„
792 2145 877 2195 simul
897 2159 949 2196 an·

140 2228 226 2266 uuam
236 2215 382 2280 pecuniam
393 2228 410 2263 a
419 2212 450 2268 P.
459 2213 559 2265 Anteio
569 2214 721 2264 ministrari
731 2215 881 2280 cognoscit
891 2212 951 2266 Ne-

141 2299 195 2350 que
205 2284 328 2334 nescium
348 2282 629 2346 benebentanum
648 2283 765 2339 caritate
776 2283 952 2348 Agrippinae

138 2353 259 2402 invisum
268 2350 389 2414 Neroni,
407 2365 528 2419 opesque
544 2353 603 2404 eius
614 2353 775 2417 praecipuas
787 2351 822 2402 ad
833 2350 951 2402 elicien-

140 2420 204 2473 dam
216 2421 382 2486 cupidinem,
403 2436 520 2487 eamque
530 2435 656 2472 caussam
667 2417 762 2471 multis
773 2420 859 2470 exitio
871 2434 950 2472 esse.

137 2490 238 2556 Igitur,
248 2490 409 2556 interceptis
419 2489 513 2540 Anteii
525 2489 635 2552 litteris,
652 2487 760 2540 furatus
771 2489 852 2538 etiam
865 2487 950 2539 libel·
996 2529 1001 2533 .

137 2557 197 2622 los,
217 2559 315 2627 quibus
334 2560 393 2611 dies
407 2556 538 2625 genitalis
553 2560 613 2609 eius
631 2561 660 2609 et
674 2561 805 2609 eventura
824 2559 950 2607 secretis

137 2625 296 2683 Pammenis
306 2628 525 2692 occultabantur,
542 2626 626 2680 simul
635 2627 761 2694 repertis,
772 2640 842 2706 quae
851 2625 886 2678 de
899 2640 951 2678 or·
