2034 3025
98 97 155 153 '72
241 92 468 159 ANNAL'IVM
486 94 530 162 [Α.
539 91 573 147 V.
583 93 641 163 769.
658 90 692 144 A.
702 92 732 145 G.
745 79 796 159 16,]
858 77 860 80 ¹

68 184 73 193 ’
119 196 217 253 sertia
231 196 352 265 nivigella,
371 195 418 263 qai
432 211 512 247 sexus
531 193 619 246 virilis
637 203 731 246 esseut.
766 195 858 261 Egere
871 194 926 249 alii

119 271 226 335 gratem
237 265 314 319 siluit
324 264 468 325 Hortalus,
484 278 596 331 pavore,
606 278 641 314 an
652 266 744 315 aritae
753 263 922 328 nobilitatis,
1010 290 1012 295 ·

34 337 39 342 ’
110 337 204 387 ‹etiam
218 336 293 391 inter
307 333 447 399 angustias
462 332 600 395 fortunae,
614 333 748 384 retinens.
766 347 856 399 neque
870 333 922 383 mi·

118 409 227 469 seratas
238 408 280 455 est
289 401 404 469 posthac
414 402 551 463 Tiberius,
562 404 686 467 quamvis
697 401 794 453 donas
799 402 924 453 Horten·
958 417 961 421 ·

117 474 153 525 sii
182 472 319 524 udendam
330 472 365 522 ad
374 472 495 537 inopiam
506 471 691 523 delaberetur.
951 490 953 493 ·

198 541 299 595 XXIX.
317 540 423 593 Eodem
434 554 518 603 anno,
526 540 654 605 mancipii
665 539 747 591 anius
758 538 880 602 audacia,
890 539 923 593 ni

114 616 229 677 mature
241 610 404 661 subventum
417 608 503 672 foret,
523 609 669 660 discordiis
682 610 822 676 armisque
837 609 922 672 civilif

118 681 171 732 bus
182 695 240 731 rem
251 679 324 745 publ.
335 677 505 745 perculisset.
536 678 659 730 Postumi
668 679 806 745 Agrippae
815 692 923 744 servus,

117 750 231 802 nomine
242 746 378 809 Clemens,
398 752 539 812 comperto
553 748 609 797 fine
619 748 748 813 Augusti,
768 762 883 815 pergere
892 748 923 799 in

117 818 238 867 insulam
254 816 424 879 Planasiam,
445 824 473 867 et
487 815 590 867 fraude
601 820 651 878 aut
665 818 693 866 ri
706 821 816 882 raptum
827 818 924 885 Agrip·

117 898 181 952 pam
192 884 266 936 serre
277 884 312 935 ad
324 886 460 937 exercitus
471 884 665 948 Germanicos,
685 900 740 936 non
755 886 850 937 servili
863 887 925 937 aui·

29 1019 32 1023 Ι
117 969 164 1019 mo
184 955 315 1019 concepit
344 970 413 1005 ausa
423 955 481 1006 eius
492 954 637 1021 impedivit
645 955 764 1005 tarditas
775 955 924 1007 onerariae

118 1024 210 1075 navis:
228 1029 314 1089 atque,
323 1024 431 1075 interim
443 1028 553 1089 patrata
562 1023 656 1085 caede,
666 1023 701 1074 ad
712 1024 817 1087 maiora
827 1029 857 1075 et
866 1038 926 1074 ma·

119 1094 162 1159 gis
172 1092 335 1157 praecipitia
344 1106 499 1153 conversus,
516 1091 626 1143 furatur
636 1094 752 1154 eineres,
772 1097 925 1158 vectusque

73 1155 78 1163 '
119 1162 227 1223 Cosam,
237 1160 365 1211 Etruriae
376 1161 604 1227 promontorium,
614 1163 715 1227 ignotis
725 1160 795 1212 locis
805 1176 866 1213 sese
877 1160 926 1213 ab·

121 1229 175 1291 dit,
195 1229 283 1280 donec
294 1232 398 1281 crinem
413 1230 583 1297 barbamque
590 1230 782 1349 dpromitteret.
800 1244 863 1281 nam
877 1244 925 1281 ae·

119 1304 178 1349 tate
190 1303 218 1349 et
229 1296 318 1349 forma
328 1296 402 1349 haud
413 1298 539 1349 dissimili
549 1300 578 1348 in
609 1300 730 1351 ominum
742 1305 812 1352 erat.
841 1300 927 1361 Tum,

59 1387 63 1400 ²
115 1366 294 1435 'peridoneus
310 1366 338 1419 et
352 1370 452 1419 secreti
468 1369 528 1419 eius
543 1370 647 1437 socios,
666 1369 815 1419 crebrescit
834 1366 929 1420 vivers

124 1434 281 1505 Agrippam,
298 1436 413 1487 occultis
424 1438 541 1502 primum
551 1437 732 1499 sermonibus,
743 1439 774 1488 u't
785 1438 872 1489 vetita
880 1451 928 1487 soa

122 1508 194 1569 lent,
214 1521 280 1558 mox
289 1522 359 1574 vago
373 1521 485 1558 rumore
496 1503 569 1572 apud
579 1506 779 1572 imperitissimi
791 1508 927 1574 cuiusque

57 1627 60 1630 .
121 1573 262 1642 promptas
283 1591 373 1639 aures,
392 1580 443 1626 aut
460 1589 570 1626 rursum
591 1576 664 1642 apud
679 1576 816 1639 turbidos,
835 1590 929 1643 eoque

121 1659 195 1694 nova
209 1646 360 1711 cupientes.
388 1649 472 1712 atque
487 1646 547 1708 ipse
556 1644 636 1696 adire
645 1642 795 1710 municipia
804 1646 927 1698 obscuro

121 1712 190 1776 diei,
209 1728 299 1832 usgue
314 1711 457 1779 propalam
472 1713 593 1778 adspici,
612 1729 701 1781 neque
711 1714 814 1765 diutins
825 1714 928 1765 iisdem

121 1781 199 1833 locis.
217 1797 246 1834 se
266 1783 348 1848 ,quia
357 1781 463 1832 veritas
473 1781 533 1832 visu
544 1786 573 1834 et
582 1797 670 1844 mora,
689 1778 760 1833 salsa
771 1778 933 1841 festinatio-⁴

122 1850 157 1902 ne
168 1855 195 1902 et
203 1851 318 1970 lincertis
330 1849 481 1914 valescunt,
489 1849 664 1919 relinquebat
674 1850 780 1917 famam,
787 1858 836 1903 aut
845 1865 930 1921 prae·-

121 1921 201 1970 renie
222 1924 258 1971 at.
310 1969 313 1976 ,
842 1969 845 1977 ,
929 1956 931 1962 =

138 1987 139 1991 ’
173 1987 233 2044 XL.
252 1987 427 2056 Vulgabatur
445 1990 557 2043 interim
574 2004 627 2057 per
644 1988 769 2054 ltaliam,
788 1997 928 2044 ursatum
1010 2033 1012 2039 .

121 2055 338 2126 munere'Deum
353 2057 519 2128 Agrippam.-
537 2060 702 2113 credebatur
720 2059 838 2112 Romae:
856 2061 927 2111 iam·

122 2131 176 2193 que
187 2127 292 2177 Ostiam
304 2129 442 2188 invectum
455 2129 604 2180 multitudo
618 2131 729 2196 ingens,
748 2130 844 2193 iamin
853 2129 928 2182 urbe

61 2201 64 2206 “
122 2195 284 2246 clandestini
306 2203 400 2248 coetus
420 2198 611 2249 celebrabantt
631 2213 692 2248 cum
713 2198 855 2253 Tiberium
875 2212 928 2249 an·

121 2262 184 2329 e'eps
191 2279 256 2315 cura
263 2263 426 2328 distrahere,
435 2267 622 2322 vinemilitum
633 2280 745 2318 servam
755 2281 834 2317 suurn
845 2280 932 2318 coer··

122 2337 207 2394 cerei,
218 2341 253 2384 ain
263 2334 373 2385 inanem
385 2335 580 2387 credulitatem
591 2341 715 2403 tempore
725 2337 785 2402 ipso
793 2349 927 2388 vanesce-

121 2415 152 2452 re
163 2401 277 2456 sineret.
295 2402 377 2454 modo
388 2402 456 2454 nihil
467 2404 660 2471 spernendum,
670 2405 753 2457 modo
763 2419 819 2456 non
829 2407 928 2458 omnia

122 2471 280 2533 metuenda,
299 2472 444 2538 ambiguus
463 2473 578 2538 pudoris
597 2489 631 2524 ac
648 2479 748 2538 metus,
766 2473 926 2541 reputabat.

120 2543 261 2603 postremo
272 2539 471 2607 dat'negotium
481 2539 616 2592 'Sallustio
628 2543 738 2608 Crispo:
755 2542 803 2597 ille
814 2561 830 2598 e
840 2541 927 2597 clien-

121 2606 194 2658 tibus
206 2609 274 2660 duos
284 2610 406 2676 (quidam
417 2608 519 2661 milites
529 2607 616 2662 fuisse
626 2611 753 2678 tradunt)
763 2611 868 2685 deligit,
883 2619 929 2667 at·
