2034 3025
109 161 112 165 ,
137 94 191 147 soa
238 94 489 169 nuunmvm
508 94 664 161 [museo.
682 81 835 162 sdes
861 114 863 118 ·
888 114 892 119 ,
920 140 930 191 Ι

137 206 201 249 tuas
213 204 241 250 at
250 201 372 269 [picturas
384 198 512 260 averrere,
522 200 639 249 inultam
650 201 790 249 omiserat.
827 200 881 251 Sed
891 204 937 253 eri·

134 270 205 323 mini
217 269 335 319 dabatur
344 266 468 318 amicitia
478 266 584 329 Plauti,
599 275 627 317 et
636 266 749 319 ambitio
759 267 938 322 conciliandae

117 372 120 376 -
132 337 291 408 provinciae
306 336 343 387 ad
355 351 413 402 spes
423 351 512 404 noros.
549 336 671 403 Tempus
686 336 857 389 damnationi
867 338 937 406 dele-

138 414 227 469 ctum,
243 420 296 475 quo
308 405 449 474 Tiridates
461 404 621 470 accipiendo
631 405 778 457 Armeniae
788 407 886 475 Regno
894 408 940 459 ad·

137 478 282 529 sentabat:
301 480 333 525 ut
342 474 379 525 ad
389 478 505 525 externa
513 474 671 526 rumoribus
680 476 842 533 intestinum
853 476 940 538 scelus

138 547 351 606 obscuraretur,
374 558 423 605 an,
446 547 480 593 ut
497 542 714 609 magnitudinem
733 544 939 610 Imperatoriam

138 615 224 668 caede
233 613 521 687 insigniumrirorum,
528 610 698 679 quasiRegio
705 610 840 677 facinore,
851 619 939 667 osten·
967 625 977 647 ⁸

136 688 220 738 taret.

179 749 282 803 xxtv.
301 748 399 816 Igitur,
410 750 485 801 omni
496 750 608 802 civithte
618 750 653 801 ad
665 751 856 819 excipiendum
863 751 941 805 Prin·

45 859 51 864 ,
137 822 225 886 cipem
236 818 473 886 spectandumque
479 820 584 887 Regem
595 817 692 885 effusa,
704 820 838 887 Thrasea,
849 836 940 873 occur·

136 905 171 941 su
180 886 344 955 prohibitus,
354 902 410 938 non
420 888 531 941 demisit
541 889 673 939 animum:
692 890 742 941 sed
752 891 895 941 codicillos
905 892 940 943 ad

109 1007 113 1014 „
135 957 277 1018 Neronem
289 958 453 1021 composuit,
467 959 614 1024 'requirens
625 958 728 1011 obiectu
739 967 767 1011 et
776 968 942 1029 expurgatu·

136 1042 197 1079 rum
208 1026 387 1088 adseverans,
399 1025 561 1081 sinotiticm
572 1026 714 1081 eriminum
725 1035 752 1078 et
761 1027 865 1095 copiam
876 1029 942 1080 dilu-

137 1095 200 1149 endi
214 1094 360 1162 latuisset.
396 1098 453 1148 Eos
464 1096 608 1149 codicillos
619 1095 695 1149 Nero
706 1096 890 1164 properanter
901 1112 942 1149 ao-

138 1167 220 1231 cepit,
235 1180 292 1230 spe,
307 1167 473 1217 exterritum
482 1164 637 1217 Thraseam
648 1167 797 1233 scripsisse,
811 1182 862 1233 per
871 1181 942 1233 quae

137 1234 331 1286 claritudinem
353 1234 666 1302 Principisextolleret,
687 1240 819 1303 suamque
838 1235 942 1287 famam

138 1302 346 1357 dehonestaret.
382 1304 465 1367 Quod
477 1304 527 1355 uhi
542 1318 599 1355 non
615 1300 714 1369 evenit,
734 1306 894 1372 vultumque
914 1310 944 1355 et

138 1373 254 1439 spiritus
265 1379 293 1443 et
303 1374 464 1427 libertatem
478 1374 598 1425 insontis
608 1374 684 1427 ultra
694 1374 833 1437 extimuit,
852 1372 945 1425 uocari

46 1458 50 1464 ’
73 1455 75 1463 ’
138 1440 243 1495 Patres
256 1444 342 1496 iubet.
377 1444 451 1495 Tum
461 1441 588 1497 Thrasea
597 1444 671 1497 iuter
680 1446 821 1514 proximos
836 1442 945 1497 eonsul-

137 1514 220 1576 tarit,
231 1521 385 1566 tentaretne
396 1514 585 1588 defensionem,
596 1530 632 1568 an
641 1523 789 1583 sperneret.

178 1630 180 1633 .
191 1581 281 1636 XXV.
299 1583 418 1634 Diversa
428 1584 545 1636 consilia
555 1582 763 1636 adferebantur.
788 1583 895 1646 Quibus
906 1582 947 1632 in-

138 1654 210 1703 trari
221 1653 327 1703 cumam
336 1652 473 1718 placebat,
488 1667 595 1702 securos
605 1668 660 1705 esse
671 1653 701 1703 de
712 1652 866 1704 constantin
878 1651 948 1714 eius,

140 1720 284 1771 dixerunt:
302 1719 374 1771 nihil
387 1719 536 1780 dicturum,
555 1715 609 1770 nisi
622 1736 672 1786 quo
685 1719 804 1784 glorium
818 1730 947 1786 augeret.

162 1796 279 1907 ἵπποι
290 1787 405 1854 pusidos
418 1786 549 1854 supremis
558 1784 615 1836 suis
624 1793 756 1838 secretum
765 1785 949 1838 circumdare.

139 1788 162 1838 8

139 1858 166 1911 A

138 1933 222 1981 natus
232 1936 316 1987 uoces,
327 1923 406 1991 quusi
415 1941 449 1978 es
459 1921 549 1992 aliquo
559 1919 687 1988 Numine,
707 1936 790 1990 supro
800 1919 950 1978 iurnonos:

135 2009 214 2064 pesse
223 1994 281 2061 ipso
290 1992 422 2047 miraculo
432 1991 515 2046 etism
525 1991 655 2044 Neronem
665 1991 822 2062 permoveri.
832 1991 875 2046 sin
885 2011 952 2048 cru·

139 2061 249 2114 delitoti
261 2061 414 2126 insisteret,
432 2059 569 2131 distingui
582 2070 654 2115 terte
668 2061 743 2131 apud
758 2071 881 2132 posteros
893 2080 950 2117 me·

138 2129 253 2212 morium
267 2129 373 2185 honesti
388 2130 477 2185 esitus
490 2129 524 2184 ab
538 2129 652 2203 ἱςηᾳυία
667 2147 719 2202 per
733 2131 871 2186 silentium
882 2149 951 2202 per·

134 2209 268 2256 mntem.
443 2233 447 2239 ·

190 2270 293 2324 xxvi.
314 2269 425 2337 Corne,
434 2271 482 2340 qui
492 2273 691 2341 opperiendum
701 2271 775 2330 domi
786 2273 952 2338 censebant,
1007 2299 1010 2303 ·

137 2341 173 2393 de
182 2340 243 2406 ipso
255 2339 383 2392 Thrasea
396 2343 506 2395 eadem:
526 2344 582 2398 ,sed
594 2341 712 2396 ludibrio
726 2350 754 2397 et
768 2343 951 2395 contumelias

136 2409 276 2462 inminere.
299 2409 471 2464 subtraheret
481 2426 562 2463 eures
570 2413 695 2467 conviciis
705 2421 732 2464 et
738 2409 854 2478 probris.
882 2407 951 2463 Non

137 2481 223 2531 solum
236 2477 428 2533 Cossutianum
446 2487 497 2532 out
509 2479 628 2546 Eprium
640 2483 679 2536 nd
690 2483 775 2533 scelus
785 2487 950 2548 promptos.-
976 2472 982 2489 ¹

137 2563 281 2616 superesse,
286 2549 333 2616 qui
336 2549 461 2622 forsitan
466 2563 561 2601 monus
571 2549 692 2619 ictusque
698 2566 749 2618 per
755 2547 899 2615 inmonitut
905 2562 952 2600 em

89 2636 92 2642 ’
138 2617 248 2672 amnti:
275 2616 359 2673 stium
373 2618 452 2672 honos
467 2625 542 2672 mess
555 2619 640 2691 sequi.
674 2615 840 2698 Dstrolsttt
846 2615 951 2688 portus

192 1856 532 1922 pireretpopulusrirum,
549 1852 759 1915 morticinium,
776 1849 886 1904 audiret
899 1853 950 1908 Se·
