2034 3025
67 94 71 104 ’
148 116 201 180 tu
270 101 827 194 nnnnnlvurn.v.soe.n.c.55.1

148 287 154 292 ,
201 233 273 284 Vlll.
289 231 346 283 Sed
357 231 427 298 apud
440 231 574 282 Senatum
586 233 681 285 omnia
690 233 719 282 iu
729 235 820 284 maius
829 235 957 289 celebra·

149 305 181 351 ta
191 307 258 352 sunt
267 301 419 352 sententiis
431 315 544 362 eorum,
563 300 612 366 qui
621 300 842 368 supplicationes,
862 311 890 355 et
900 304 957 358 die-

152 367 200 421 bus
210 367 435 436 supplicationum
445 377 543 420 certem
553 367 679 436 Principi
689 369 878 439 triumphalem
884 409 893 436 ,
912 383 957 425 ut.

82 487 84 492 ,
151 453 201 504 que
213 453 294 504 ouum
305 437 395 488 urbem
405 435 498 500 iniret,
519 435 677 506 effigiesque
687 437 759 502 eius,
777 439 842 506 puri
851 441 958 510 mogui-

151 505 245 559 tudiue
255 523 287 558 uc
298 504 401 558 Mortis
416 503 527 569 Vltoris,
544 506 632 560 eudem
641 506 671 559 iu
680 511 787 575 templo,
803 517 955 563 censuere:

150 582 266 644 preater
275 580 385 626 suetam
397 574 588 626 adulationem
598 577 681 638 laeti,
712 577 787 644 quod
796 578 957 632 Domitium

149 642 339 707 ¹Corbulonem
349 645 517 696 retinendae
527 646 675 697 Armeniae
685 654 897 712 praeposuerat.
915 648 956 698 ri.

150 714 328 780 debeturque
355 713 433 765 locus
457 715 609 764 virtutibus
635 713 803 778 patefactus.
848 717 954 783 Copiae

44 805 51 814 ,
151 783 278 834 Orientis
288 782 332 831 ita
341 781 517 845 dividuntur,
547 784 579 834 ut
590 796 654 846 pars
665 784 860 848 auxiliarium,
891 794 954 839 ‘cnm

143 851 257 902 duabus
266 850 436 917 legionibus,
453 851 527 918 apud
536 853 707 916 provinciam
717 851 840 918 Syriam,
861 859 892 904 et
901 853 955 907 Le.

149 925 246 988 gutum
258 921 318 970 eius
330 919 502 982 Quadratum
515 919 685 974 meidium
698 928 872 975 remaneret:
902 937 956 989 par
981 944 984 945 ⁷

150 989 250 1040 civium
262 988 457 1054 sociorumque
474 1003 606 1040 numerus
617 989 769 1045 Corbuloni
785 996 878 1053 esset,
907 991 955 1042 ad-

63 1096 68 1104 ,
149 1056 216 1108 ditis
232 1055 395 1110 cohortibus
412 1059 539 1124 alisque,
575 1073 647 1124 quae
662 1059 734 1124 apud
750 1059 953 1126 Cappadociam
977 1098 979 1100 ψ

148 1124 323 1178 hiemabunt:
353 1128 424 1178 socii
445 1128 552 1194 Reges,
581 1133 666 1191 prout
683 1129 758 1182 bello
771 1126 953 1194 conduceret,

148 1209 250 1263 parere
269 1195 349 1246 iussi.
396 1194 451 1247 Sed
475 1194 570 1246 studia
593 1211 690 1249 eorum
713 1198 743 1246 in
763 1197 952 1250 Corbulonem

85 1302 89 1307 .
148 1265 324 1330 promptiora
333 1269 427 1314 erant:
458 1266 519 1331 qui,
543 1270 576 1316 ut
585 1264 677 1318 lamae
688 1268 853 1330 inserviret,
878 1281 952 1334 quae

148 1335 178 1384 in
189 1334 269 1384 novis
279 1335 387 1398 coeptis
397 1333 569 1384 validissima
579 1340 634 1396 est,
645 1334 747 1387 itinere
757 1351 876 1403 propere
887 1351 952 1389 cor-

148 1401 239 1465 fecto,
268 1403 342 1469 apud
361 1403 485 1470 Aegeas,
518 1404 661 1457 civitatem
680 1405 809 1468 ciliciae,
838 1406 952 1458 obvium

1 1465 323 1538 “rw-*atiuadretnm
333 1471 446 1536 hebuit,
464 1472 531 1525 illuc
540 1487 738 1540 progressum,
758 1489 807 1538 ne,
826 1475 852 1525 si
863 1474 951 1526 uduo·

99 1547 112 1589 ’.
149 1542 291 1609 eripiendas
306 1544 400 1609 copiae
415 1542 525 1611 Syriam
544 1544 711 1594 intravisset
726 1543 863 1607 Corbulo,
893 1560 952 1597 om.

147 1611 225 1661 nium
237 1628 287 1663 ora
297 1613 325 1662 in
337 1618 513 1675 reverteret,
533 1626 649 1677 corpore
659 1613 771 1679 ingens,
790 1614 884 1663 verbis
894 1627 953 1664 ma·

146 1678 284 1745 gnidcus,
312 1686 354 1741 et,
388 1695 473 1746 super
493 1677 700 1742 exper'entiam
716 1682 955 1748 sapientiumque,

148 1747 235 1799 etiem
246 1749 339 1815 specie
350 1750 476 1799 inanium
485 1745 602 1797 validus.

200 1810 248 1869 1x;
270 1818 401 1867 Ceterum
416 1820 536 1881 uterque
546 1812 708 1879 Vologesen
724 1814 831 1883 Regem
841 1816 952 1868 nuntiis

147 1884 301 1937 monebant
307 1920 314 1947 ,
331 1900 427 1953 puceut
437 1897 516 1953 quum
526 1880 621 1931 bellum
632 1882 738 1943 mullet,
750 1880 872 1948 durisque
883 1882 952 1935 obei-

99 1956 106 1969 '
146 1952 247 2015 dibus,
259 1953 367 2004 solitum
374 1952 514 2021 prioribus
523 1949 703 2001 reuerentiam
713 1950 742 2003 iu
751 1950 887 2016 Populum
895 1950 953 2003 Bo·

148 2021 447 2075 muuumcoruu'uuuret.
482 2021 522 2071 Et
532 2018 708 2084 Vologeses,
733 2034 788 2087 qno
798 2020 902 2072 bellum
914 2036 952 2075 ex

148 2091 293 2142 commodo
305 2096 432 2159 peruret,
461 2105 512 2149 an,
537 2094 571 2138 nt
585 2089 783 2140 aemulationis
792 2097 950 2155 suspectos,

87 2200 94 2206 .
148 2174 199 2227 per
210 2175 311 2211 nornen
323 2156 459 2221 obsidum,
480 2166 639 2222 amoveret,
659 2159 748 2209 tradit
758 2158 950 2212 nobilissimos

147 2244 183 2281 ex
197 2229 304 2281 familia
318 2230 521 2282 Arsacidarum.
558 2227 727 2294 decepitque
745 2242 797 2279 cos·
814 2223 949 2281 Centurio

146 2300 286 2363 llisteins,
298 2301 332 2353 ab
339 2297 477 2351 meidio
490 2294 591 2347 misus
602 2294 678 2347 forte
690 2298 784 2362 priore
794 2295 829 2347 de
840 2311 949 2360 caussa,

148 2368 227 2419 edito
247 2368 333 2435 Rege.
369 2367 451 2433 Quod
470 2371 619 2434 postquam
634 2366 784 2419 Corbuloni
804 2366 948 2433 cognitum

147 2433 202 2499 est,
213 2434 253 2488 tre
264 2437 441 2491 Praefectum
453 2437 594 2501 cohortis,
613 2436 723 2488 Arrium
734 2436 855 2498 Varum,
871 2443 899 2487 ct
908 2450 950 2487 re·

148 2505 272 2574 ciperure
282 2504 383 2561 obsidet
393 2508 479 2561 iubet.
497 2503 574 2563 Hinc
584 2512 676 2566 ortum
686 2508 762 2561 iuter
771 2502 953 2559 Praefectum

99 2576 102 2580 '
147 2582 177 2628 et
188 2578 389 2635 centurionem
400 2581 532 2649 iurgium,
543 2596 579 2631 ne
589 2581 695 2635 diutius
705 2578 832 2637 externis
841 2579 950 2649 specta·

41 2654 53 2660 “
147 2651 209 2707 culo
222 2660 309 2725 esset,
329 2650 478 2712 arbitrium
488 2650 531 2707 rei
542 2651 686 2706 obsidibus
696 2652 880 2723 Legatisqec‚
901 2654 947 2722 qui
