2034 3025
151 121 215 186 mo
232 110 322 172 iven
333 115 449 169 reare.
460 116 548 171 vira
558 86 633 168 cnr.
645 116 716 169 ro·-
725 115 765 168 18.
784 115 957 188 invasa]

75 218 82 225 ’
162 226 246 279 nullis
256 230 410 277 castrorum
420 224 631 287 experimentis,
640 210 780 273 'comitate
791 223 915 289 quadam
926 240 980 276 cu·

160 294 420 361 randiprovinciam
429 292 529 345 uncie
565 291 696 343 Didicere
707 293 762 343 iam
777 292 893 343 barbari
905 308 980 361 quo.

161 381 215 434 que
226 367 369 432 ignoscere
392 363 468 413 vitiis
478 360 691 413 blandientibus.
702 364 738 413 'et
747 364 927 413 interventus
940 365 981 415 ci-

161 435 404 485 viliumarnrorum
416 432 545 499 praebuit
554 433 657 482 iustam
667 432 801 497 segnitiae
812 433 983 483 excusatio·

94 508 109 536 a
163 518 237 555 nem.
265 503 316 554 sed
331 502 471 554 discordia
484 501 654 552 laboraturus
672 514 734 551 cunr
745 498 880 551 adsuetus
892 514 983 567 expe·

97 631 101 638 J
163 572 315 625 ditionibus
325 572 406 624 miles
415 572 474 623 otio
484 569 633 631 lasciviret.
670 567 841 631 Trebellius,
862 567 935 637 fuga
946 584 983 621 ac

163 640 283 693 latebris
291 642 379 693 vitata
388 642 526 693 exercitus
536 641 587 703 ira,
596 638 744 691 indecorus
754 641 838 705 atque
849 635 982 701 humilis,

151 712 291 778 ‘precario
301 722 366 761 max
379 708 514 777 praefuit:
524 724 566 764 ,ac
581 709 658 761 veluit
673 708 762 775 pacti,
782 707 930 759 exercitus
946 708 980 758 li·

164 782 297 841 centiam,
316 779 381 831 Dux
400 778 539 831 salutem:
557 776 626 829 haec
644 777 745 829 seditio
760 778 820 827 sine
834 778 979 844 sanguine

164 850 251 901 stetit.
287 846 345 899 Nec
356 848 467 900 Vettius
476 847 611 911 Bolanus,
620 844 795 897 manentibus
805 842 901 897 adbuc
913 847 978 898 civi-

163 918 238 969 libus
256 914 349 979 bellis,
368 917 485 983 agitarit
499 917 675 970 Britanniam
696 913 850 980 disciplina.
875 914 979 967 eadem

163 986 266 1037 inertia
276 983 456 1053 argobastes,
467 987 566 1037 similis
575 986 729 1053 petulantia
739 988 912 1035 castrorum:
923 985 980 1035 nisi

128 1084 130 1086 ·
165 1055 380 1124 quodinnoeeus
391 1054 528 1119 Bolanus,
543 1056 668 1107 etnullis
679 1053 917 1117 delictisinvisus,
935 1067 982 1105 ea·

164 1128 277 1178 ritatem
290 1130 437 1190 paraverat
446 1124 508 1177 loco
520 1126 704 1175 auctoritatis.

92 1252 95 1257 Δ
226 1193 313 1245 XVll.
332 1192 401 1255 Sed,
420 1194 469 1244 ubi
482 1208 545 1244 cum
561 1198 656 1245 cetero
667 1192 736 1244 orbe
745 1189 939 1259 Vespasianus
950 1196 980 1244 et

141 1294 144 1301 ι
164 1262 340 1316 Britanniam
351 1262 525 1327 reciperavit,
535 1264 628 1329 magni
639 1262 742 1324 Duces,
752 1261 860 1328 egregii
873 1263 980 1314 exerci-

166 1339 221 1394 tus,
231 1327 470 1381 minutalnostium
482 1346 553 1398 spes.
582 1330 617 1383 Et
626 1336 765 1383 terrorem
775 1330 871 1385 statim
883 1331 981 1383 intulit

133 1408 138 1414 ”
166 1400 286 1454 Petilius
294 1398 422 1462 Cerialis,
441 1399 608 1468 Brigantum
628 1400 778 1462 civitatem,
798 1414 981 1468 quaenume-

133 1471 312 1523 «norissima
330 1468 489 1536 provinciae
509 1470 597 1521 totius
622 1467 797 1536 perhibetur,
817 1468 981 1537 adgressus

168 1541 259 1592 multa
268 1538 383 1606 proelia,
395 1543 424 1590 et
433 1538 582 1606 aliquando
592 1551 647 1590 non
657 1539 815 1590 incruenta:
834 1551 983 1606 magnam·

169 1625 223 1677 que
237 1609 402 1675 Brigantum
422 1614 530 1674 partem
551 1613 601 1658 aut
614 1609 732 1660 victoria
751 1606 908 1675 amplexus,
930 1615 984 1660 aut

168 1678 254 1732 bello.
288 1678 339 1739 Et,
355 1677 669 1746 sumcerialisquidem
679 1678 795 1730 alterius
808 1681 984 1729 successoris

169 1761 265 1801 curam
277 1745 435 1814 famamque
445 1745 598 1810 obruisset,
611 1747 742 1798 sustinuit
751 1759 862 1814 quoque
873 1747 984 1799 molem

168 1817 258 1870 lulius
267 1815 425 1879 Frontinus,
434 1817 478 1867 vir
490 1831 537 1866 ma
576 1831 618 1878 us,
629 1821 762 1884 quantum
772 1815 891 1878 licebat,
909 1817 986 1868 vali·

151 1913 155 1925 =
168 1885 289 1954 (lamque
301 1890 330 1936 et
343 1899 495 1953 pugnacem
507 1831 630 1936 sffiun
640 1891 751 1953 gentem
760 1885 846 1938 armis
854 1885 985 1954 subegit;

41 2007 54 2012 ,
150 1969 255 2074 xttrrrelr
268 1956 401 2072 :mmm
416 1952 545 2038 hostium,
565 1953 693 2008 locorum
705 1967 814 2022 quoque
829 1952 985 2007 difficulta-

183 2037 270 2075 eseu
348 2037 371 2073 s.
803 2047 806 2052 ·

123 2117 160 2130 v·-
229 2090 330 2145 lell.
350 2091 432 2144 llunc
449 2091 612 2144 Britanniae
632 2095 746 2154 statum,
768 2089 980 2147 hastellarum

169 2161 244 2214 vlces
259 2158 353 2211 media
365 2159 421 2210 iam
437 2166 545 2213 aestate
559 2167 749 2229 transgressus
760 2161 890 2228 Agricola
902 2163 981 2213 inve·

169 2233 221 2294 nit,
230 2245 293 2282 cum
305 2232 334 2279 et
344 2227 454 2293 milites,
465 2230 542 2282 velut
551 2230 653 2282 omissa
662 2229 847 2296 expeditione,
857 2229 891 2282 ed
899 2245 980 2282 secu·

14 2299 19 2307 '
92 2341 94 2345 .
169 2303 294 2362 ritatem,
313 2295 448 2350 etbostes
459 2299 688 2361 adscensionem,
703 2303 888 2351 verterentur.
927 2300 980 2351 0r·

169 2369 295 2420 doricum
317 2368 427 2429 civitas,
447 2365 521 2419 baad
539 2369 628 2420 multo
649 2373 714 2419 ante
740 2367 888 2420 adventu·
906 2371 979 2430 eius,

168 2437 250 2499 dam,
260 2439 290 2487 in
299 2435 399 2486 linibus
409 2436 467 2488 suis
475 2443 614 2504 agentem,
625 2451 711 2506 prope
722 2437 879 2490 universam
889 2437 980 2489 obtri-

170 2511 261 2555 verat:
281 2517 370 2570 eoque
382 2505 460 2554 initio
472 2511 566 2569 erecta
579 2507 737 2572 procinctu
755 2511 792 2571 el,
808 2506 909 2574 quibus
920 2507 982 2560 bel·

170 2571 228 2621 lum
238 2572 394 2623 volentibus
403 2579 473 2636 erat,
482 2573 603 2636 probare
614 2575 781 2642 exemplum,
795 2581 845 2628 aut
855 2580 982 2630 recentis

169 2636 399 2705 ingentissimam
415 2647 545 2708 opperiri.
564 2642 637 2695 Tum
646 2645 788 2712 Agricola,
807 2661 982 2714 quamquam
