2034 3025
105 112 455 198 morinensium.
475 139 627 209 [nuos
647 140 779 212 s.e.70.]
810 140 860 195 153

74 255 160 322 vigiles
177 254 290 306 domum
308 254 397 305 Flavii
413 254 510 305 Sabini
528 255 712 319 complevere.
747 253 814 302 illuc
825 252 859 303 de

70 323 159 387 studiis
173 324 250 391 vulgi
266 329 296 376 et
307 325 390 375 minis
401 324 631 375 Germanicarum
645 320 802 373 cohortium
814 320 866 372 ad-

68 389 159 443 fertur.
195 390 321 461 Longius
331 396 388 445 iam
397 406 566 461 progressus
578 396 655 456 erat,
684 406 766 459 quam
775 394 861 442 utre·
949 440 959 445 -

67 461 138 529 gredi
147 467 259 528 posset:
274 470 304 514 et
315 478 368 514 suo
378 464 496 530 quisque
507 466 594 525 metu,
611 460 801 522 ne'disiectos,
813 472 859 511 eo·

67 532 214 598 queminus
225 531 346 596 validos,
364 532 512 585 Vitelliani
528 532 774 591 consectarentur,
795 542 859 579 eun·

65 604 181 651 utentem
198 600 228 648 in
244 614 323 650 arma
338 601 521 668 inpellebaut.
558 598 629 665 Sed,
656 599 729 667 quod
744 599 775 647 in
786 599 859 648 eius·

65 668 133 719 modi
149 667 234 719 rebus
250 667 364 732 accidit,
394 670 542 721 consilium
558 670 594 722 ab
614 669 742 723 omuibus
762 666 860 717 datum

64 741 118 799 est,
143 736 297 803 perieulum
311 740 392 804 pauci
403 754 558 806 sumpsere.
596 740 676 791 Circa
685 740 775 789 laeum
786 735 873 813 liun-¹

64 805 142 867 dani,
168 805 418 871 descendentibus,
437 810 484 876 qui
495 808 629 860 Sabinum
640 807 859 867 comitabuntur,
929 824 936 833 f

9 880 15 891 ’
61 874 173 925 armatis
184 882 335 927 occurrunt
345 880 548 944 promptissimi
558 876 781 932 Vitellianorum.
799 874 860 925 Μο-

60 942 146 997 dieum
157 945 196 995 ibi
206 946 355 1013 proelium,
374 948 519 1013 inproviso
530 947 666 1009 tumultu,
687 945 736 997 sed
747 952 861 1013 prospe·

59 1028 120 1065 rum
128 1012 288 1065 Vitellianis
298 1017 361 1067 fuit.
397 1014 533 1079 Sabinus,
552 1030 583 1067 re
596 1015 714 1081 trepida,
735 1013 861 1082 quodtu·

58 1082 197 1134 tissimum
217 1098 233 1134 e
252 1083 467 1149 praesentibus,
497 1099 589 1135 arcem
611 1084 738 1151 capitolii
755 1080 862 1133 insedit

59 1151 148 1203 milite
158 1156 187 1202 et
197 1152 363 1220 quibusdam
381 1150 550 1203 Senatorum
562 1146 763 1221 Equitumque:
794 1162 860 1219 quo-

57 1235 117 1273 rum
129 1221 243 1271 nomina
253 1220 367 1293 tradere
378 1220 452 1273 haud
463 1228 622 1289 promptum
634 1226 676 1274 est
687 1258 696 1287 ,
718 1222 859 1288 quoniam,

55 1290 163 1341 victore
178 1289 367 1357 Vespasiano,
395 1292 478 1342 multi
492 1292 523 1343 id
535 1293 666 1343 meritum
684 1305 752 1357 erga
762 1294 859 1355 partes

54 1359 231 1411 simulavere.
259 1360 414 1412 Subieruot
424 1361 561 1411 obsidium
573 1363 659 1411 etiam
671 1358 809 1420 seminae3
820 1356 861 1405 in·
915 1367 921 1375 ·

52 1433 180 1493 terquas
191 1430 311 1479 maxime
322 1430 441 1496 insignis
453 1427 739 1489 VerulanaGratilla‚
770 1440 861 1491 neque
906 1457 908 1465 ,

52 1495 169 1561 liberos,
190 1512 280 1562 neque
291 1498 475 1565 propinquos,
496 1498 547 1550 sed
556 1498 661 1551 bellum
673 1500 778 1548 secuta.
815 1493 862 1547 vi-

50 1564 190 1616 tellianus
208 1565 289 1617 miles
309 1567 439 1618 custodia
453 1568 564 1620 socordi
582 1568 693 1618 clausos
710 1563 862 1618 circumde-
962 1581 966 1585 ’

50 1633 111 1696 dit3
142 1648 246 1701 eoque,
274 1636 411 1688 concubia
420 1643 503 1688 noete
510 1675 520 1701 ,
545 1652 611 1690 suos
622 1637 728 1688 liberos
740 1632 859 1686 Sabinus

50 1708 82 1755 et
95 1702 306 1767 Domitianum,
336 1704 434 1757 fratris
447 1705 553 1771 illium,
574 1707 603 1756 in
616 1704 779 1771 capitolium
789 1703 859 1754 acei-

47 1771 107 1824 vit:
138 1774 225 1824 misso
236 1787 288 1840 per
297 1775 428 1844 neglecta
440 1776 475 1828 ad
486 1777 635 1828 Flavianos
646 1775 738 1826 Duces
750 1773 860 1835 nuntio,

48 1843 110 1909 qui,
125 1841 312 1896 circumsideri
320 1843 401 1911 ipsos,
416 1853 452 1909 et,
464 1845 495 1898 ni
504 1844 702 1908 subveniretur,
714 1852 807 1894 aretas
818 1845 861 1892 rei

48 1913 209 1964 nuntiaret.
246 1912 364 1965 Noctem
378 1914 449 1966 adeo
460 1917 583 1982 quietam
595 1915 666 1982 egit,
695 1918 728 1964 ut
744 1910 861 1982 degredi
922 1962 927 1971 ,

46 1980 116 2032 sine
128 1996 205 2034 noxa
214 1985 349 2049 potuerit.
374 1985 476 2052 quippe
487 1985 567 2036 miles
579 1983 704 2045 Vitellii,
724 1979 859 2034 adversus

43 2050 183 2117 perionis
189 2051 285 2115 ferox,
314 2052 457 2105 laboribus
468 2062 497 2106 et
506 2053 610 2121 uigiliis
622 2068 720 2120 parum
731 2053 860 2102 intentus

44 2125 124 2170 erat.
163 2125 192 2170 et
202 2119 335 2174 hibernus
345 2123 450 2186 imber,
462 2129 586 2191 repente
597 2122 688 2188 lusus,
706 2121 802 2174 oculos
813 2118 860 2172 au-

43 2201 158 2255 resque
167 2187 339 2257 inpediebat.

101 2252 198 2310 LXX.
215 2260 292 2311 Luce
308 2255 399 2328 prima
414 2259 550 2324 Sabinus,
577 2267 729 2331 antequam
739 2258 858 2314 invicem

41 2325 173 2380 bestilia
183 2334 358 2396 coaptarent,
375 2330 536 2398 Cornelium
549 2331 718 2388 Martialem,
739 2331 859 2398 eprimi·

41 2398 204 2465 pilaribus,
230 2399 267 2450 ad
278 2397 422 2452 Vitellium
432 2400 524 2462 mieit‘,
536 2401 747 2453 commendatis
759 2407 788 2451 et
799 2414 863 2468 que-

37 2471 111 2529 stu,
133 2467 297 2535 quodpaeta
307 2469 494 2522 turbarentur.
533 2468 738 2522 simulationem
747 2482 860 2534 pronus
876 2467 881 2474 '
900 2473 917 2504 Ι

39 2543 72 2588 et
82 2533 239 2606 imaginem
249 2538 396 2606 deponendi
406 2537 518 2607 Imperii
525 2539 630 2612 fuisse,
650 2542 688 2593 ad
696 2535 861 2604 deoipieodos
896 2585 903 2592 .

39 2612 89 2656 tot
99 2605 236 2659 inlustres
245 2608 327 2660 viros.
352 2607 410 2660 Cer
420 2609 490 2661 enim
501 2627 515 2661 e
525 2605 734 2680 rostrirfietris
745 2605 859 2668 domum,

1 2729 2 2739 ,
36 2672 228 2732 emmam
238 2674 316 2748 firro,
335 2675 764 2739 otiositandisiorninumoeulis,
783 2689 861 2740 quom
