2034 3025
223 84 744 171 onosamnmnch-zrnj
825 121 879 178 ms
950 155 960 170 o

78 179 877 218 ...μ-Ἢ

76 218 185 332 pamm.
224 214 361 282 cibosquem
381 219 411 268 ct
428 213 596 268 -bortamina
622 220 807 286 pugnantibus
832 238 880 292 ge·

73 295 87 330 s
136 286 157 332 t.

125 349 200 402 Vlll.
235 351 391 404 Memoriae
401 352 542 418 proditur,
562 352 695 420 quasdam
705 358 789 419 acies,
802 359 880 410 incil-

73 423 152 470 natas
162 420 217 487 iam
229 424 257 470 et
267 419 401 486 labantes,
410 437 426 470 a
436 421 545 473 feminis
560 423 713 486 restitutas,
724 430 881 480 coarmati·

73 499 186 554 precum
203 494 232 539 et
241 490 350 540 obiectu
361 497 522 555 pectorum,
540 496 570 541 et
583 498 739 544 monstrata
752 497 879 547 cominus

73 557 241 622 captivitate,
260 573 340 625 quam
350 558 435 627 longe
449 560 632 624 inpatientius
642 559 807 614 feminarum
818 578 879 615 sua·

72 638 133 676 rum
149 627 261 677 nomine
278 628 392 678 timent:
412 628 495 690 adeo,
513 632 546 678 nt
561 629 699 680 efficacius
717 630 878 699 obligentur

71 695 155 746 animi
166 695 320 757 civitatum,
336 697 435 765 quibus
444 699 518 749 inter
526 697 636 749 obsides
646 698 757 764 puellae
767 713 878 768 quoque

72 761 179 814 nobiles
189 763 372 828 imperantur.
408 766 500 818 lnessa
515 769 582 834 quin
596 767 680 819 etiam
691 776 819 821 sanctum
828 771 877 822 ali·

72 831 138 898 quid
149 837 178 882 et
187 833 330 898 providum
343 839 455 900 potants
474 851 527 886 nec
538 841 587 887 aut
596 836 713 901 consilia
722 853 818 888 aarum
829 839 878 891 ad-

72 908 252 966 spernantur,
272 908 321 954 ant
332 918 468 969 responsa
477 905 630 971 negligunt.
665 905 803 970 Vidimus,
823 909 876 961 sub

71 969 134 1021 divo
145 971 330 1037 Vespasiano,
349 971 497 1034 Veledam,
516 974 564 1023 diu
573 973 648 1039 apud
658 973 809 1043 plerosque
819 977 876 1029 Nu·

70 1041 151 1091 minis
162 1040 224 1092 loco
242 1039 374 1091 habitam.
409 1039 464 1096 Sed
480 1047 509 1091 et
526 1042 592 1090 olim
608 1043 750 1094 Auriniam
762 1050 792 1095 et
801 1061 875 1099 tom·
957 1063 963 1068 ’
992 1103 1006 1115 ,

70 1108 156 1175 pluris
167 1108 237 1160 alias
247 1109 372 1159 venerati
382 1114 461 1172 sunt,
478 1123 535 1160 non
546 1108 730 1175 adulationes
743 1128 796 1166 uec
805 1120 876 1167 tam·

69 1193 150 1245 quam
162 1177 288 1228 facerent
299 1177 382 1229 neas.

119 1247 167 1297 ΙΧ.
202 1245 327 1298 Deorum
337 1247 458 1297 maxime
467 1246 638 1298 Mercurium
649 1247 807 1312 colunt,eui
817 1265 872 1303 cer.

67 1317 103 1366 tis
114 1315 210 1368 diebus
220 1315 348 1368 humanis
363 1330 474 1382 quoque
488 1313 588 1367 hostiis
602 1317 685 1369 litare
699 1317 743 1368 ias
758 1315 871 1371 liabent.

68 1385 218 1438 Herculem
234 1400 267 1436 ac
277 1385 398 1436 Martem
413 1385 551 1436 concessis
565 1386 731 1436 animalibus
746 1386 870 1452 placant:

68 1468 130 1521 pars
150 1453 303 1504 suevorum
319 1453 430 1510 etlsidi
442 1455 587 1504 sacrificat.
625 1453 706 1507 Vnde
724 1463 872 1516 causaest

66 1525 145 1590 origo
157 1524 306 1590 peregrino
316 1536 408 1582 sacro,
425 1536 523 1589 parum
534 1525 672 1589 cunipert·
683 1524 735 1573 nisi
749 1524 825 1591 qnod
834 1528 871 1578 si·

65 1607 148 1661 gnum
160 1594 265 1659 ipsum,
282 1591 434 1659 iurandum
450 1590 580 1643 liburnae
593 1594 760 1660 figuratam,
777 1593 871 1658 docet,

52 1662 208 1725 ,advectam
218 1662 394 1728 religionem.
432 1662 572 1725 Ceterum,
580 1678 632 1713 nec
640 1659 769 1713 cohibere
780 1665 869 1728 pario

61 1732 137 1783 tibus
147 1732 232 1792 Deos,
252 1746 342 1799 neque
352 1732 381 1781 in
392 1730 477 1782 ullam
491 1728 604 1781 humani
620 1731 678 1783 oris
691 1732 875 1797 aperiebas·-

60 1800 205 1863 simulare‚
233 1814 268 1853 ex
287 1800 480 1868 magnitudine
500 1801 664 1851 coelestium
684 1801 868 1853 arbitrantur.

60 1870 305 1922 luoosacnemdra
316 1876 491 1932 consecrant,
518 1870 698 1935 Deciumque
708 1870 867 1922 nominibus

59 1939 205 2005 adpellant
224 1942 360 1991 secretum
382 1939 462 2003 illud,
480 1939 556 2007 quod
575 1939 813 1991 sola'rererentia
829 1942 868 1991 ri·

60 2008 138 2062 dent.
154 2009 290 2074 Auspicia,
305 2015 459 2076 sortesque,
469 2010 557 2075 utqui
568 2008 697 2071 maxime,
707 2008 866 2061 observant.

114 2078 148 2129 X.
185 2076 307 2129 Sortium
322 2078 494 2129 consuetudo
514 2081 566 2129 sim
588 2078 641 2129 lex.
676 2080 792 2146 virgam,
810 2078 873 2129 fru·,

58 2144 168 2213 giserae
183 2148 277 2198 arbori
291 2146 425 2209 decisam,
440 2150 471 2198 in
486 2092 615 2199 surculos
629 2154 790 2213 amputant,
807 2146 867 2198 eos

58 2230 125 2283 qua,
144 2218 217 2267 notis
228 2216 391 2283 quibusdam
402 2217 554 2279 discretos,
571 2230 655 2282 super
664 2216 809 2268 candidam
819 2230 866 2268 ve

57 2290 134 2337 stem
144 2290 251 2339 temere
265 2300 299 2336 ec
312 2282 430 2336 fortuito
446 2290 596 2351 spargunt·
624 2300 699 2346 mox,
717 2286 742 2334 si
756 2284 866 2349 publica

59 2354 234 2417 consuletur,
252 2353 390 2407 Sacerdos
400 2354 530 2415 civitatis,
538 2355 580 2403 sin
592 2354 731 2420 privatim,
748 2356 808 2419 ipse
818 2368 867 2420 pa»

57 2422 244 2487 tariamiliae,
263 2428 393 2489 precatus
412 2422 500 2483 Deos,
520 2422 686 2488 coelumque
705 2423 866 2489 suspiciens,

56 2499 105 2545 ter
115 2494 241 2561 singulos
250 2493 333 2555 tollit,
343 2490 477 2553 sublatos,
487 2492 637 2543 erundum
647 2492 866 2558 impressamea·

54 2569 205 2625 tenutam,
222 2564 433 2627 interpretatur.
470 2558 502 2610 Si·
513 2558 729 2627 prolribuerunb-
742 2560 822 2613 nulla
831 2560 867 2614 da

54 2632 160 2686 eadem
175 2647 207 2687 re
219 2630 382 2685 in‘eundem
401 2629 475 2682 diem
492 2630 674 2695 cumulatim
691 2632 736 2683 sin
746 2631 865 2699 permis·
