2034 3025
144 129 197 181 320
253 89 489 176 'nunanrvn
511 114 667 189 [uvaia
687 123 858 193 nuans

144 220 234 281 omnis
250 241 300 278 ora
316 225 462 292 compleri:
482 225 607 277 adducre
618 227 716 293 ingens
726 228 878 295 multituda
888 244 952 282 min

89 344 91 350 .
143 298 303 359 luminibus,
324 301 416 363 atque,
436 295 483 345 ubi
494 295 662 346 incolumem
672 310 734 348 esse
744 299 901 364 pernotuit,
919 306 954 353 ut

144 369 181 420 ad
192 366 369 434 gratandum,
380 379 441 415 sese
452 364 592 430 expedire,
607 364 697 416 donec
706 366 840 431 adspectu
851 371 955 420 armati

145 435 338 490 etminitantis
354 429 470 501 agminis
482 433 590 484 disiecti
605 440 679 486 sunt.
713 437 846 487 Anicetus
855 437 954 490 viliam

143 507 267 559 statim
278 503 440 564 circumdat,
460 500 638 570 refractaque
646 504 740 566 ianua,
756 505 851 555 obrius
861 521 955 558 serru-

143 592 207 629 rum
220 574 343 640 adripit,
363 572 451 624 donec
470 571 509 622 ad
526 571 603 624 fores
622 573 742 624 cubiculi
761 575 884 625 reniret:
909 579 956 628 cui

143 645 227 714 pauci
238 641 395 704 adstabant,
406 641 507 694 ceteris
517 645 625 694 terrore
633 643 851 710 inrumpentium
861 650 955 698 exter-

97 729 99 732 ·
143 716 218 768 ritis.
238 709 371 763 Cubicula
383 710 522 761 modicum
532 711 626 762 lumen
637 712 735 775 inerat,
746 717 776 764 et
786 713 955 767 ancillarum

143 797 215 835 una:
233 781 320 848 magis
331 795 364 832 ac
380 783 468 848 magis
482 782 566 830 anxia
575 782 738 847 Agrippina,
757 782 830 848 quud
842 797 955 836 nemea

144 853 212 914 filio,
223 865 256 901 ac
266 865 301 900 ne
309 850 445 916 Agerinus
456 849 577 916 quidem.
595 849 677 902 aliam
688 849 747 903 fere
758 851 843 902 litore
852 852 954 906 faciem

51 942 53 958 ι
144 922 227 982 nunc,
246 917 424 970 solitudinem
436 933 469 968 ac
479 920 640 984 repentinos
649 921 784 986 strepitus
795 926 824 972 et
834 927 954 975 extremi

144 989 212 1043 mali
221 988 333 1042 indicia.
367 988 492 1040 Abe'unte
508 987 609 1040 dehinc
624 989 737 1052 ancilla,
756 998 788 1041 tu
798 1005 901 1059 quoquc
911 1009 954 1045 me

144 1057 254 1123 dereris,
264 1056 420 1124 prolocuta,
429 1057 543 1122 respicit
552 1058 706 1121 Anicetum,
715 1058 870 1125 trierarcho
879 1061 954 1114 Her·

144 1129 237 1191 culeo,
248 1127 419 1189 etoloarito,
430 1127 600 1178 centurione
611 1128 951 1192 classiaric,‘c0nritaturu:

143 1213 185 1260 ac,
196 1196 220 1248 ri
230 1195 411 1248 adnitendum
421 1194 545 1258 venisset,
560 1196 679 1268 refotum
689 1197 847 1250 nuntiaret.-
856 1199 953 1271 sinsu-

70 1279 83 1298 *
101 1293 102 1298 ¹
143 1267 220 1320 cinus
228 1272 404 1334 patraturus,
423 1261 493 1317 nihil
506 1277 533 1316 se
549 1265 580 1317 de
593 1265 792 1335 fiticcredere5
808 1267 953 1337 ausimne·

143 1331 442 1402 ναίιιηιῃαννιόιᾎὴῖιηῖ.Ἰ
473 1335 800 1388 Circumsistuntlcctum
810 1351 953 1403 percusso·

144 1402 200 1470 rcsj
210 1409 238 1457 et
248 1405 325 1472 prior
335 1401 505 1454 trierarchus
515 1403 583 1454 fusti
594 1411 679 1473 caput
688 1407 747 1459 eius
759 1407 880 1458 adflixitr
895 1408 952 1459 iarn

144 1480 174 1529 in
186 1481 304 1533 mortem
322 1473 485 1527 Centurioni
500 1471 607 1526 ferrum
623 1475 822 1545 destringenti,
840 1478 954 1543 proten·

146 1548 215 1602 deas·
232 1543 355 1608 uterum,
375 1552 494 1597 ventrem
508 1544 585 1616 sert,
605 1546 783 1599 exclamavit:
801 1548 953 1616 multisque

68 1619 71 1625 '
144 1614 506 1667 vulneribusccnfectaest.

197 1685 245 1737 lx.
266 1686 344 1735 Haec
355 1697 488 1734 consensu
499 1681 664 1747 produntur.
682 1681 883 1746 Adspexeritnc
894 1699 954 1738 ma-

143 1760 215 1807 trem
227 1755 383 1805 exanimem
389 1750 473 1811 Nero,
484 1754 514 1799 et
523 1749 640 1807 formam
651 1751 776 1812 corporis
787 1751 846 1799 cius
856 1751 957 1806 lauda.

128 1825 227 1885 'verit
243 1827 315 1883 sunt,
329 1820 377 1887 qui
386 1818 563 1877 tradiderint,
577 1820 651 1878 sunt,
661 1816 708 1881 qui
719 1817 849 1887 abnuant.
887 1820 956 1875 Cre-

142 1897 221 1944 mata
237 1896 280 1941 est
294 1894 374 1941 nocte
388 1886 493 1947 eadem,
514 1884 650 1935 convivali
665 1885 747 1948 lecto,
766 1889 795 1937 et
811 1892 956 1956 exsequiis

143 1960 259 2011 ritibus:
278 1972 376 2025 neque,
398 1952 549 2006 dunrNero
562 1967 656 2005 rerum
673 1955 841 2021 potiebatur,
852 1973 903 2010 con
943 1989 967 2011 -.

144 2036 190 2081 ata
199 2032 248 2079 aut
258 2027 351 2077 clausa
362 2023 470 2087 hunius.
498 2036 565 2073 mox
580 2022 795 2076 domesticorum
812 2040 893 2091 cura,
905 1975 953 2082 ffe-

144 2112 208 2149 renr
217 2094 354 2146 tumulum
365 2094 480 2159 accepit,
489 2092 562 2143 viam
571 2092 673 2145 Miseni
683 2100 847 2161 proptemt
855 2097 951 2150 villam

146 2166 273 2219 Caesaris
283 2163 451 2225 metatoris,
471 2176 543 2229 quae
557 2162 697 2216 subiectos
707 2165 783 2216 sinus
796 2165 951 2221 editissima

144 2239 312 2305 prospectat.
347 2236 469 2286 Accensa
480 2245 549 2299 roga
560 2231 676 2284 libertus
686 2234 754 2297 eius,
766 2242 951 2302 cognomenta
1001 2294 1006 2299 ,

146 2307 284 2368 Mnester,
303 2304 363 2370 ipse
379 2301 455 2354 ferro
470 2316 500 2353 se
514 2304 662 2369 transegit3
679 2302 817 2355 incertum
832 2308 951 2359 caritate

145 2380 174 2427 tu
184 2380 338 2443 patronam,
353 2389 389 2425 an
400 2378 475 2423 niatu
486 2371 573 2423 exitii.
609 2372 691 2424 Hunc
700 2374 743 2422 sui
752 2374 835 2424 tinent
847 2375 952 2427 nruitos

146 2453 212 2497 ante
231 2458 319 2496 annos
337 2441 496 2509 crediderat
514 2440 665 2508 Agrippina
682 2448 950 2509 contempseratque.

103 2562 108 2568 .
145 2501 216 2568 Nam
236 2512 390 2568 consulenti
410 2525 493 2577 super
509 2509 634 2572 Nerone,
653 2510 857 2576 responderunt
871 2512 950 2566 Chai·

146 2584 218 2650 daei,
251 2602 296 2637 cre
310 2592 343 2635 ut
360 2583 509 2648 imperaret
520 2587 686 2645 matremque
701 2579 847 2633 occideret:
864 2588 949 2651 atque

147 2655 204 2716 iila,
242 2654 341 2718 ceidut,
351 2652 450 2719 inquit,
460 2649 522 2701 dum
532 2646 653 2715 imperet.
