2034 3025
128 85 148 138 e
222 61 849 151 nrsronrnrrvm[irenacei]

129 189 284 256 Hispaniae
299 193 430 256 praeerat
445 188 558 240 Cluvius
576 187 680 250 Rufus,
698 189 741 239 vir
756 187 893 241 facundus
912 195 943 242 et

127 260 205 328 pacis
215 258 332 322 auibus,
348 257 431 310 bellis
440 258 611 325 inexpertus.
648 256 771 320 Galliae,
788 270 874 325 super
885 274 942 312 ma·

129 330 249 382 moriam
257 327 402 392 vismoli,
424 326 566 394 obligatae
583 327 691 380 recenti
707 327 781 380 dono
797 327 941 381 Romanae

11 442 21 452 ,
130 399 266 461 civitatis,
283 402 313 450 et
326 397 356 448 iu
373 400 517 464 posterum
531 396 629 448 tributi
643 395 809 448 levamento.
844 393 941 450 Proxi-

128 482 193 521 mae
203 472 297 518 tamen
308 465 483 518 Germanicis
498 465 666 518 exercitibus
679 465 837 533 Galliapum
846 467 942 519 civita·

129 542 183 601 tes,
200 551 256 588 non
266 535 364 588 codem
375 532 481 589 bonore
491 533 621 598 habitae,
639 535 775 604 quaedam
785 537 870 588 etiam
880 538 941 590 lini·

128 606 182 659 bus
200 606 353 672 ademptis,
371 605 434 672 pari
452 603 549 657 dolore
565 605 713 657 commoda
727 604 820 656 aliona
833 620 942 664 acsuas

128 675 248 728 iniurias
268 673 467 726 metiebantur.
504 672 663 726 Germanici
684 675 838 738 exercitus,
865 674 941 744 quod

129 743 395 813 periculosissimum
411 744 444 794 in
457 743 545 794 tantia
559 742 678 806 viribus,
696 744 813 796 solliciti
828 749 857 796 et
866 745 942 807 irati,

130 813 262 882 superbia
271 813 393 864 recentis
403 813 553 876 victoriae,
573 816 602 864 et
611 819 699 876 metu,
718 818 861 882 tamquam
871 814 942 866 alias

128 887 226 952 partes
241 881 385 933 sonarent.
422 882 517 934 Tarde
533 881 672 934 aNerone
683 881 871 947 desciverant3
888 897 942 937 nec

129 953 225 1004 statim
239 965 291 1017 pro
302 950 394 1003 Galba
408 951 574 1020 Verginius:
593 966 629 1002 an
644 953 781 1018 imperare
795 952 941 1016 noluisset,
969 957 972 962 '

128 1020 258 1084 dubium;
276 1020 399 1073 delatum
409 1021 436 1074 ei
447 1021 564 1074 amilite
574 1021 732 1090 Imperium,
750 1024 940 1075 conveniebat.

127 1089 278 1143 Fonteium
289 1091 451 1158 Capitonem
471 1093 607 1154 occisum,
625 1092 709 1143 etism
726 1093 773 1160 qui
789 1093 868 1160 queri
884 1108 940 1145 non

128 1165 271 1229 poterant,
289 1165 384 1213 tamen
393 1159 619 1227 indignabantur.
655 1159 721 1212 Dux
731 1161 837 1224 deerat,
856 1162 940 1213 abdu-

129 1228 324 1298 ctoVerginio,
341 1244 392 1296 per
401 1229 610 1280 simulationem
620 1230 773 1284 amicitiae:
792 1246 872 1298 quem
880 1246 938 1285 non

129 1301 251 1363 remitti,
269 1304 353 1366 atque
365 1299 625 1362 etiamreumesse,
643 1302 786 1369 tamquam
796 1315 878 1372 suum
885 1300 941 1358 ori·

130 1383 193 1430 mon
205 1369 388 1438 accipiebant.
656 1383 662 1390 ‘
802 1373 809 1384 ⁸
892 1373 901 1420 οἵ

181 1439 230 1494 lX.
249 1460 252 1465 ·
266 1439 401 1506 Superior
417 1439 558 1492 exereitus
571 1437 726 1508 Legatum,
743 1439 937 1493 Hordeonium

128 1508 278 1575 Flaccum,
304 1509 469 1577 spernebat,
495 1517 609 1564 senecta
624 1526 658 1563 ac
672 1510 818 1565 debilitate
836 1509 938 1584 pedum

127 1579 290 1642 invalidum,
300 1581 362 1634 sinc
371 1582 538 1645 constantia,
547 1582 607 1633 sine
615 1583 790 1635 auctoritate.
801 1580 938 1647 requieto

128 1649 242 1717 quidem
257 1649 359 1713 milite,
382 1651 523 1717 regimen;
549 1650 621 1702 adeo
637 1649 763 1704 furentes
776 1650 939 1701 infirmitate
953 1676 958 1686 ι
999 1691 1001 1700 .

127 1719 275 1772 retinentis
286 1718 361 1769 ultro
367 1718 600 1770 accendebantur.
618 1718 763 1771 Inferioris
769 1718 939 1772 Germaniae

127 1786 254 1854 legiones
269 1786 374 1838 diutius
389 1788 450 1839 sine
461 1786 610 1837 Consulari
620 1785 713 1851 iuerc3
731 1788 834 1850 donee,
851 1788 940 1851 missu

128 1854 249 1918 Galbae,
266 1853 441 1909 avitarum
457 1855 568 1916 aderat,
587 1856 715 1906 censoris
725 1856 834 1909 Vitellii
850 1871 883 1908 ac
893 1861 939 1909 ter·

62 1925 72 1937 ²
128 1925 259 1977 consum
276 1924 364 1975 iilius:
397 1924 426 1975 id
445 1925 514 1975 satis
533 1924 685 1975 videbatur.
721 1924 753 1976 lu
772 1924 939 1977 Britannico

127 1994 250 2047 exercitu
266 1992 337 2043 nihil
346 1994 460 2045 irarum.
495 1991 718 2045 Nousanealiae
729 1992 868 2060 legiones,
886 2009 940 2061 per

127 2062 937 2130 omnerciriliumbellorummotus,innocentiuaegerunts

126 2147 191 2194 reu,
210 2131 389 2199 quiaprocul
404 2137 432 2185 et
442 2132 555 2184 Oceano
571 2130 690 2197 divisae;
708 2148 759 2185 seu
774 2134 880 2187 crebris
891 2148 939 2185 ea·

126 2201 313 2270 peditionibua
332 2201 433 2254 doctae
448 2199 558 2253 bostem
569 2202 663 2269 potius
674 2201 774 2255 odisse.
810 2202 939 2265 Quiesce

123 2272 256 2337 ¹Illyrico:
273 2286 440 2339 quamquam
452 2272 560 2338 excitae
570 2287 588 2324 a
597 2270 708 2325 Nerone
719 2271 853 2340 legiones,
869 2272 938 2325 dum

125 2341 155 2391 in
165 2340 248 2392 ltalia
257 2346 431 2400 cunctantur,
440 2341 604 2409 Verginium
612 2342 936 2411 legationibuserlisseut.

126 2408 183 2463 Sed
193 2410 284 2478 longia
298 2411 395 2478 spatiis
405 2411 520 2464 discreti
531 2414 683 2474 exereitus,
702 2412 777 2479 quod
786 2410 937 2463 saluberri-

125 2496 201 2533 mum
213 2485 256 2533 est
266 2479 303 2533 ad
312 2480 509 2534 continendam
519 2480 668 2536 militarem
678 2480 771 2545 iidem,
782 2485 841 2535 ‘aec
849 2480 937 2545 vitiis,

125 2566 178 2605 see
188 2551 292 2605 nribus
301 2551 497 2605 miscebantur.

178 2620 213 2675 X.
248 2621 350 2677 oriens
367 2620 459 2677 aribus
476 2622 608 2674 inmotum.
644 2618 755 2689 Syriam
770 2624 800 2673 et
812 2621 936 2689 quatuor
