2034 3025
171 167 208 225 oo
269 123 878 238 nrsronmnvmnvnnnmmj

171 275 265 330 litibus
279 275 336 328 eius
348 273 464 344 eligendi
472 275 598 343 facultas
613 275 704 336 detur,
733 291 809 342 quem
823 274 904 328 nobit
919 274 984 328 ani·

171 359 250 406 mum,
269 359 335 410 quas
345 351 444 394 mentes
455 341 641 410 imprecemur,
660 342 727 408 quid
734 342 824 405 aliaeod,
841 358 930 408 quam
942 360 984 395 oe·

171 413 299 465 olitionem
308 421 335 464 et
345 409 513 472 discordiam,
532 411 681 477 optabunt?
697 428 729 463 ne
740 411 814 462 miles
828 410 983 464 Centurio-

170 482 216 546 m',
243 497 276 534 ne
287 479 417 532 Centurio
435 475 555 530 Tribuno
570 479 740 548 obsequatur.
774 478 839 534 ls'inc
852 498 906 533 con
925 479 982 543 usi,

166 549 273 622 peliter
283 549 450 615 equitesque,
466 546 621 599 inexilium
632 563 753 600 ruamus.
787 547 884 600 Parem
928 567 982 617 po-

171 619 236 682 tius,
251 617 451 679 commilitones,
464 631 545 681 quam
554 615 668 683 imperia
679 613 788 668 Ducum
799 617 981 680 sciscitando,

171 703 215 739 res
229 687 361 739 militares
376 683 557 738 continentur.
593 693 621 736 et
630 684 803 756 fortissimus
813 685 843 738 in
852 685 914 752 ipro
925 686 981 737 dis·

172 755 284 809 erimine
295 755 484 816 exercitorest,
502 752 551 820 qui
560 763 623 808 ante
629 753 770 806 discrimen
780 754 979 821 quietissimus.

177 821 256 875 Polis
271 838 349 874 orma
364 832 391 875 et
401 821 507 874 animus
517 823 569 873 sit.-
597 821 664 872 miloi
674 821 812 873 consilium
822 831 850 874 et
859 823 979 874 uirtutis

172 899 276 944 uestrae
295 891 415 960 regimen
434 889 586 956 relinquite.
631 889 788 942 Paucorum
805 893 886 958 culpa
902 891 978 962 fruit,

173 961 286 1012 uiuorum
297 974 384 1026 poena
395 958 456 1010 erit.
492 957 576 1010 ceteri
589 957 692 1010 abolete
702 959 857 1011 memoriam
869 961 978 1032 foedis·

141 1043 143 1050 ’
173 1027 359 1081 aimaeuootis.
395 1025 656 1080 necillasalrersus
666 1027 796 1079 Senatum
812 1044 888 1080 roces
904 1030 977 1082 allus

173 1113 292 1166 unquam
302 1094 436 1149 exercitus
446 1095 552 1148 audiat.
593 1094 682 1163 Caput
693 1095 816 1162 imperii,
836 1105 864 1148 et
875 1098 977 1150 decora

174 1165 291 1219 omnium
296 1163 500 1231 prouinciarum
505 1201 515 1228 ,
533 1165 806 1232 adpoenamuocare,
824 1164 977 1232 πομπεῖα

173 1233 229 1297 illi,
247 1249 312 1302 quos
323 1248 383 1286 eum
393 1231 508 1283 manime
524 1231 647 1284 Vitellius
657 1233 686 1287 in
697 1250 743 1285 nos
754 1233 820 1296 ciet,
844 1232 977 1286 Gernmni

174 1303 304 1356 asoleant.
354 1297 440 1356 Vlline
451 1298 552 1354 ltaliae
562 1301 673 1364 alumni,
693 1311 720 1354 et
729 1300 854 1354 Romano
864 1318 927 1354 uere
936 1301 976 1352 iu·

173 1381 282 1434 uentus,
303 1370 340 1424 orl
349 1368 507 1438 sanguinem
516 1378 543 1423 et
553 1371 658 1422 caedem
668 1371 837 1438 deposcerent
848 1370 976 1431 ordinem,

174 1441 251 1494 euim
266 1441 403 1510 splendore
414 1446 441 1489 et
448 1438 541 1506 glorio
551 1439 640 1490 sordes
650 1447 678 1490 et
687 1438 878 1491 obscuritatem
893 1437 975 1492 Vitel-

174 1508 311 1565 lionnrum
321 1506 447 1577 portium
458 1507 706 1577 praestringimus?
732 1505 976 1577 Nationes'oliquas

173 1580 315 1649 occuparit
330 1576 464 1639 Vitellius,
482 1576 628 1647 imaginem
639 1578 773 1644 quonlam
784 1576 920 1629 exercitus
930 1576 976 1627 loa·

176 1648 234 1700 iet:
254 1649 370 1700 Senatus
380 1644 515 1698 nobiscum
525 1654 572 1697 est.
609 1644 655 1697 Sic
658 1645 707 1715 fit,
724 1654 756 1697 ut
766 1644 829 1699 lsinc
838 1640 977 1713 Resqatli·

176 1734 223 1779 cu,
250 1718 311 1769 inde
321 1715 408 1767 lostes
417 1710 593 1781 Reipublicae
602 1713 784 1767 constiterint.
821 1713 913 1778 Quid.²
933 1730 978 1765 ros

175 1784 384 1854 pulelurrimom
398 1781 468 1832 lanc
478 1780 570 1833 urbem
586 1782 703 1835 domitus
717 1792 745 1837 et
759 1784 838 1835 tectis
848 1792 876 1836 et
884 1799 979 1863 conge·

84 1854 89 1863 ’
176 1862 221 1906 stu
234 1853 353 1921 lapidum
368 1858 442 1901 stare
453 1849 581 1902 creditis!
607 1850 689 1905 Muta
703 1852 759 1905 istc
770 1850 930 1905 etinumina
940 1868 979 1905 sss·

177 1920 307 1973 terciriere
323 1936 355 1971 ae
365 1918 493 1986 reparari
501 1918 658 1988 promiscua
672 1930 750 1974 som:
778 1920 931 1974 aeternitas
939 1936 979 1972 re·

129 2032 132 2037 ,
160 2034 162 2039 .
176 2006 237 2041 rum
248 1998 275 2041 et
283 1986 471 2057 porgentium
481 1996 508 2039 et
520 2004 578 2039 meu
588 2005 648 2040 cum
658 2000 749 2043 uestra
759 1993 831 2043 salus
841 1988 979 2043 incolumi-

177 2066 236 2111 tate
248 2056 365 2109 Sinatus
374 2054 517 2124 firmatur.
552 2056 632 2109 Hunc
642 2060 783 2126 auspicato
793 2076 811 2112 a
824 2066 978 2127 parentent

176 2126 313 2186 conditore
323 2122 398 2177 uriis
409 2133 519 2176 nostrae
528 2124 696 2190 institutum,
706 2136 733 2179 et
743 2127 888 2209 allegilus
896 2142 979 2195 usque

177 2197 215 2254 sel
224 2194 367 2262 Principes
377 2193 533 2246 continuum
544 2204 572 2247 et
580 2194 770 2261 immortalem,
788 2204 862 2249 secut
870 2212 889 2248 a
898 2195 979 2247 maio·

177 2265 252 2328 ribus
262 2262 425 2332 occepimus,
444 2262 482 2314 sic
489 2263 607 2331 posteris
618 2265 766 2320 tradamus.
802 2263 888 2328 Nam,
903 2272 979 2316 ostes

177 2334 250 2387 sotis
271 2333 428 2395 Senatores,
458 2332 500 2385 ita
520 2350 555 2386 eu
576 2331 753 2387 Senatorilus
773 2332 918 2401 Principes
933 2348 979 2386 aa·

178 2410 298 2456 utuntur.

230 2470 370 2523 Lxxxv.
406 2468 447 2521 Eo
462 2468 553 2519 oratio
569 2468 605 2519 ad
621 2469 848 2538 perstringendos
861 2468 980 2521 mulcen-

178 2540 285 2607 dosque
297 2538 416 2588 militum
426 2538 555 2603 animos,
566 2542 595 2588 et
605 2540 761 2590 severitatis
772 2538 870 2589 isiodus
880 2541 980 2605 (nequo

178 2610 289 2659 enimin
301 2606 409 2672 plures,
427 2619 509 2671 quam
525 2606 554 2655 in
569 2604 639 2655 duos
653 2607 835 2658 animadverti
851 2606 981 2667 iusserat)

177 2682 256 2745 grato
272 2680 399 2743 occepta,
417 2674 616 2745 compositisque
633 2674 828 2740 adpraesens,
846 2675 895 2741 qui
904 2686 979 2726 coes·
