2034 3025
151 121 204 180 252
247 153 248 160 Ν
282 121 813 190 nnnnlnvn[arcannm]

151 226 263 296 Regno,
275 229 376 296 Cotyn,
386 229 618 292 inventarudem,
637 233 779 295 etpaucas
790 227 961 290 cohortium,

151 311 214 348 mm
225 299 296 350 Iulio
307 299 416 367 Aquila,
431 299 534 365 Equite
544 299 684 350 Romano:
703 299 808 364 spretis
818 298 961 363 utrisque,

151 369 263 420 enrreire
274 369 414 430 nationes,
424 368 541 419 inlicere
550 367 870 435 perhrgaszpostremo,
880 378 962 417 exer·

152 433 211 487 citu
222 441 327 498 coacto,
337 451 434 504 regem
445 436 671 488 Dandaridarum
683 436 816 488 exturbat
825 435 961 501 Imperio-

152 518 207 570 que
218 505 279 556 eius
289 507 406 570 potitur.
441 507 521 569 Quae
530 506 578 557 ubi
589 508 715 572 cognita,
735 510 765 556 et
778 504 961 571 iamiamque

65 627 72 636 ,
150 572 311 639 Bosporum
320 574 470 626 invasurus
480 574 646 637 habebatur,
664 573 748 626 diffisi
758 573 881 640 propriis
891 573 961 623 riri·

150 641 204 710 bus
214 643 316 708 Aquila
326 648 355 693 et
366 645 461 709 Cotys,
478 645 545 711 quia
554 644 702 704 Zorsines,
716 641 878 693 Siracorum
887 641 961 707 Rex,

123 747 128 758 ,
151 706 269 760 hostilia
278 718 481 778 resumpserat,
502 718 635 762 externas
646 712 741 778 stipsi
755 711 863 778 gratias
874 725 961 779 quae·

96 813 97 820 1
152 779 259 840 sirene,
277 779 371 830 missis
386 780 489 846 legatis
505 781 542 831 ad
554 782 707 842 Eunonen,
726 782 775 846 qui
785 779 960 831 hdorsorum

151 849 231 914 genti
243 848 441 913 praecellebat.
477 849 602 900 Necfuit
612 850 642 898 in
652 848 740 899 arduo
755 849 892 909 societas,
910 862 962 915 po·

151 916 271 966 tentiam
290 917 445 968 Romanam
457 917 598 969 adversus
609 917 753 968 ¹rebellem
770 915 960 968 Mithridaten

120 987 123 994 '
153 986 372 1036 ostentantibus.
408 986 501 1054 Igitur
515 989 659 1053 pepigere,
670 984 838 1052 equestribus
844 984 960 1052 proeliis

78 1051 84 1060 “
147 1051 280 1106 Eunones
300 1061 434 1116 certaretr
456 1055 560 1108 obsidia
578 1055 686 1108 urbium
703 1050 822 1107 Rotnani
839 1068 959 1124 capesse·

149 1129 221 1174 rent.
505 1139 507 1144 ’

174 1243 175 1246 ,
196 1189 278 1244 'XVL
301 1194 374 1246 Tum
395 1197 552 1264 composito
572 1195 686 1264 agmine
703 1184 850 1245 inobduut
878 1191 959 1244 cuius

150 1257 276 1312 frontem
290 1267 320 1312 ct
330 1268 413 1330 terga
423 1265 544 1326 Adorei,
556 1265 651 1316 media
667 1261 799 1315 cohortes
813 1268 843 1313 ct
852 1261 961 1328 Bospo-

151 1331 216 1380 rani
226 1332 401 1395 tutabantur‚
412 1334 519 1385 nostris
530 1335 560 1382 in
571 1335 667 1384 armis.
695 1330 742 1384 Sic
752 1332 849 1399 pulsus
859 1328 962 1392 hostis,

97 1456 100 1466 Ι
151 1406 322 1468 ventumque
339 1399 449 1466 Sozam,
469 1401 601 1470 oppidum
617 1401 803 1464 Dandaricae,
821 1399 897 1468 quod
909 1399 961 1451 vdc·

150 1474 261 1529 sertum
272 1485 289 1521 a
300 1468 478 1542 Mithridate,
498 1473 534 1524 ob
549 1472 698 1541 ambiguos
712 1471 891 1540 popularium
902 1468 962 1520 ani·

152 1551 215 1590 mos
228 1540 361 1604 obtineri,
379 1542 693 1607 relictoibipracsidio,
711 1544 810 1592 visum.
845 1540 919 1591 Exin
929 1539 962 1587 in

154 1603 266 1659 Siracos
276 1615 408 1676 pergunt,
420 1617 449 1663 et
459 1613 632 1677 transgressi
644 1625 754 1673 amnem
764 1608 898 1670 Pandam,
908 1607 962 1659 cir·

76 1739 85 1743 -
154 1679 333 1728 cumveniunt
342 1679 441 1729 urbem
452 1679 557 1744 Vspen,
574 1679 678 1729 editam
689 1679 760 1737 loco,
771 1682 801 1727 et
810 1674 963 1726 moenibus
990 1715 994 1722 s

153 1756 187 1793 ac
196 1742 280 1795 fossis
291 1748 443 1807 munitam3
461 1747 517 1795 nisi
529 1745 604 1812 quod
614 1746 735 1805 moenis,
751 1758 808 1793 non
819 1755 897 1803 saxo,
908 1742 962 1794 sed

150 1812 278 1871 ,natibus
290 1818 319 1863 et
329 1814 474 1875 vimentis,
493 1828 527 1863 ac
539 1811 634 1863 media
643 1808 741 1873 humo,
759 1810 906 1862 adversum
917 1810 964 1861 in·

153 1886 318 1946 rumpentes
328 1881 452 1932 invalida
462 1887 559 1931 erant:
576 1880 749 1946 eductaeque
759 1880 844 1930 altius
854 1884 963 1943 turres,

150 1946 262 1999 facibus
274 1953 359 2015 atque
370 1948 460 2001 hastis
471 1949 625 2002 turbabant
636 1949 777 2001 obsessas.
789 1963 829 2012 ac,
839 1948 870 1997 ni
879 1962 962 2014 proc·

151 2015 222 2066 lium
233 2031 289 2067 nox
300 2017 476 2078 diremisset,
495 2025 596 2086 coepta
605 2022 774 2088 patrataque
784 2018 960 2086 expugnatio

153 2084 272 2137 eundem
283 2086 361 2135 intra
371 2085 446 2137 diem
452 2085 540 2137 foret.

204 2153 292 2207 xvn.
320 2152 442 2207 Postero
463 2157 567 2214 misere
584 2156 712 2225 legatos,
738 2156 845 2211 sermm
865 2154 959 2222 liberis

151 2222 307 2289 corporibus
323 2230 452 2277 orantes:
469 2226 578 2278 servitii
593 2226 679 2279 decem
688 2226 775 2281 millia
791 2225 959 2279 offerebant.

151 2293 227 2359 qdod
237 2294 400 2361 adspernati
417 2296 632 2360 nortmannos,
651 2298 719 2365 quia
729 2296 870 2349 trucidare
881 2293 959 2345 dedi·

150 2365 197 2412 tos
212 2378 325 2414 saevum
332 2368 469 2425 ,tantam
479 2366 690 2418 multitudinem
701 2366 831 2419 mistodia
840 2364 957 2431 cingere

130 2456 132 2459 ·
151 2430 283 2486 arduum:
301 2432 369 2483 beili
380 2436 473 2500 potius
484 2436 546 2486 iure
557 2434 699 2488 caderent
722 2431 724 2435 ’
735 2436 895 2503 Datumque
905 2430 957 2484 mi-

149 2497 261 2564 litibus,
280 2503 597 2569 quiscalr'sevaserant,
614 2507 727 2573 signum
737 2499 841 2557 caedis.
876 2504 957 2555 Exci·
1006 2500 1013 2511 “

150 2567 198 2625 dio
209 2570 380 2639 Vspensium
395 2579 488 2626 metus
503 2576 607 2625 ceteris
623 2576 759 2639 iniectus,
777 2571 956 2641 nihibtntnm

128 2673 132 2677 -
150 2638 231 2706 ratis,
242 2654 304 2695 cum
314 2644 597 2709 armamunimenta,
607 2644 736 2714 impediti
743 2645 789 2700 rel
798 2644 955 2719 emittentes

785 2896 798 2934 κ’
