2034 3025
101 137 425 195 talamannia
460 140 612 208 [avano.
623 142 758 213 A.C.7o.]
800 142 850 197 115

42 257 246 316 expugnantur.
282 243 325 297 85.
339 244 473 308 Vitellius,
492 262 506 295 e
523 246 648 310 pudenda
668 246 772 298 latebra
789 260 851 309 pro·

43 326 150 369 tractae
160 325 188 368 et
198 314 365 367 contumeliis
375 314 516 386 adfectas,
536 315 573 367 ad
578 313 720 381 gemonias
725 314 851 378 propelli-

42 396 100 439 tar.
135 384 178 435 86,
193 384 257 435 Vita
267 381 371 435 Vitellii
379 398 524 448 moresque.
560 380 736 435 Domitianaa
749 381 850 434 Caesar

25 457 241 521 „cumulatatan
278 453 665 517 Geetaanaeollemqaeanna.

44 665 182 754 Meliore
196 699 256 752 fato
274 702 382 770 fideque
402 706 522 771 partium
542 705 738 757 Flavianarum
757 704 849 757 Duces

42 770 161 829 consilia
171 770 238 821 belli
249 774 414 825 tractabant.
442 774 620 827 Petorionem
631 778 659 825 in
671 773 783 827 hiberna
794 778 848 825 ter·

42 839 226 895 tiuedecimae
246 840 362 909 legionis
381 850 577 897 convenerant.
622 846 680 896 illic
699 846 848 912 agitavere,

38 914 200 982 placeretne
209 908 314 963 obstrui
326 909 483 965 Pannoniae
494 913 587 980 Alpes,
605 912 686 967 donec
696 930 713 965 a
724 922 802 982 tergo
811 912 849 963 ai·
885 962 888 965 .

41 996 88 1034 res
97 978 238 1030 aniversae
246 991 455 1049 consurgerent:
472 999 510 1033 aa
524 982 565 1033 ire
576 983 695 1035 eominus
706 992 733 1035 et
742 991 849 1034 certare

37 1066 93 1119 pro
103 1047 188 1099 ltalia
198 1048 365 1101 constantius
390 1060 457 1101 oret.
493 1052 599 1113 Quibus
615 1054 735 1118 opperiri
745 1052 850 1103 auxilia

42 1124 75 1172 et
93 1116 205 1169 trahere
225 1117 329 1168 bellurn
347 1118 501 1181 urdebatur,
525 1120 749 1173 Germanicarum
768 1120 849 1189 legio·

42 1204 108 1243 nam
118 1184 335 1255 airasamamque
345 1188 526 1251 extollebant,
537 1196 564 1239 et
573 1189 709 1242 advenisse
718 1206 780 1243 mox
789 1205 849 1241 aum

31 1253 158 1309 xVitellio
172 1253 331 1308 Britannici
345 1257 480 1311 exercitas
495 1256 607 1309 robora:
625 1257 691 1326 ipris
703 1276 751 1312 nea
760 1274 850 1311 name·

42 1334 105 1379 ru'm
113 1340 209 1391 parem
215 1327 358 1390 pulsarum
368 1342 453 1392 nuper
463 1326 613 1395 legionum
631 1334 671 1391 et,
689 1342 849 1394 quamquam

44 1392 180 1447 atrociter
191 1394 371 1459 loquerentur,
389 1395 517 1447 minorem
537 1411 591 1445 esre
608 1397 682 1463 apud
697 1395 782 1447 uictor
792 1394 850 1453 ani·

44 1478 127 1518 mann
165 1460 225 1522 Sed,
243 1459 350 1513 insessir
363 1461 473 1516 interim
487 1462 615 1530 Abpibar,
633 1472 775 1517 ventarum
789 1476 849 1514 cam

43 1529 130 1599 copiis
142 1526 263 1581 Orientis
273 1529 440 1584 Mucianam.
465 1532 607 1599 Saperesre
619 1531 782 1602 Vespasiano
793 1549 848 1584 ma·

43 1617 85 1663 re,
102 1599 212 1661 clartes,
230 1599 320 1652 stuata
331 1601 549 1666 provinciaram,
564 1618 615 1669 per
625 1617 691 1671 qaae
701 1603 850 1656 aelatalte·
933 1627 938 1632 ’
955 1612 960 1616 “

43 1669 105 1722 rias
115 1667 176 1720 belli
186 1668 278 1718 molem
293 1667 386 1720 aieret.
421 1670 468 1723 lta
481 1670 585 1723 salubri
603 1670 849 1733 moranoaatrires

44 1739 156 1811 adfore,
175 1746 202 1790 et
208 1736 397 1804 praesentibus
405 1738 475 1793 nibil
478 1740 642 1809 peritarum.

107 1825 142 1876 ll.
178 1824 220 1878 td
240 1840 274 1877 ea
285 1825 421 1877 Antonius
436 1828 541 1889 primus
560 1827 595 1888 (ia
614 1826 763 1877 acerrimus
782 1825 849 1876 belli
878 1840 893 1880 ·.

45 1896 212 1957 concitator)
218 1893 425 1965 festinationem
434 1894 499 1963 ipsit
508 1894 611 1956 alitem,
635 1893 743 1946 Vitellia
754 1892 849 1945 exitia·

44 1981 114 2027 sara,
132 1963 271 2015 disseruit.
307 1965 368 2031 plus
377 1964 525 2027 socordiae,
543 1961 849 2044 qaamfidaciaemeres·

44 2033 111 2086 sisse
129 2028 285 2084 uictoribus.
320 2047 404 2098 neque
424 2033 493 2086 enim
508 2033 539 2086 ia
552 2042 695 2100 pronneta
705 2041 733 2084 et
749 2031 849 2084 cathir

44 2101 164 2155 totitas.-
178 2099 329 2167 peremnia
343 2101 445 2172 ltaliae
458 2100 604 2168 municipia
615 2102 723 2166 denies,
741 2110 848 2154 tantam

43 2167 196 2237 insanibat
206 2169 371 2234 metuendae,
386 2168 615 2243 qaantoferotias
625 2181 687 2223 ante
698 2187 726 2222 se
735 2171 849 2240 egerint,

44 2247 125 2293 tanto
144 2237 265 2304 rapidius
284 2238 407 2290 insolitae
425 2242 576 2308 voluptates
595 2239 723 2292 ltaasime.
769 2237 849 2291 Circo

43 2323 148 2377 qaoque
162 2322 195 2358 aa
210 2304 326 2359 theatris
342 2315 370 2358 et
383 2309 546 2361 amomitate
556 2307 630 2361 ariis
640 2309 780 2370 emollitae,
798 2317 849 2360 aat
921 2323 923 2329 ·

43 2374 243 2430 valetudinibus
247 2375 347 2447 serrat.
384 2375 444 2440 Sal,
461 2379 554 2430 addita
564 2377 661 2446 spatio,
696 2376 848 2429 redituram

44 2455 73 2500 et
82 2446 125 2498 Itis
134 2445 218 2496 robur
227 2443 402 2501 meditatione
410 2445 479 2498 belli.
501 2464 549 2500 nee
555 2449 652 2514 procul
664 2447 856 2508 Gerataniam,

42 2515 112 2568 ande
125 2514 210 2566 eires.-
227 2511 403 2580 Britanniam
417 2515 497 2587 sreto
518 2516 627 2568 dirimi:
644 2515 724 2568 iaxta
743 2516 855 2580 Gallina¹

43 2582 261 2651 Hispaniarum
278 2581 501 2651 utrimqaeairos,
511 2599 597 2650 equor,
615 2583 734 2638 tributa.-
751 2583 847 2650 ipsam·

43 2670 94 2723 que
104 2651 216 2706 ltaliam
234 2661 263 2704 et
276 2668 338 2721 oper
352 2653 442 2708 arbit:
460 2673 502 2721 ae,
520 2657 545 2708 si
562 2655 591 2708 in
607 2671 667 2706 erre
680 2671 758 2707 arma
772 2656 845 2708 altre

509 2768 516 2779 ι
533 2769 539 2778 ι
