2034 3025
140 106 190 159 124
242 100 542 155 HiSTORlARVM
565 100 851 177 [A.V.825.A.c.70.]
894 149 899 155 .

139 226 189 262 roe
197 210 299 262 Arrius
305 206 397 258 Varus
412 223 476 257 eum
488 208 700 273 promptissimis
715 208 838 273 equitum
850 222 965 273 proru-

138 281 187 347 pit,
205 278 360 345 inpulitque
371 276 547 339 Vitellianos,
557 276 779 327 modicaeaede:.
795 288 872 339 nam,
896 278 964 345 plu.

139 351 209 399 rium
221 348 341 399 adcursu
350 360 432 397 versa
442 345 569 408 fortuna,
577 350 605 397 et
615 346 767 397 acerrimus
778 348 904 412 quisque
916 364 962 399 se-

137 419 280 485 quentium
302 414 385 483 fugae
404 416 520 467 ultimus
539 418 614 466 erat,
645 430 697 465 nec
713 420 812 481 sponte
832 414 961 467 Antonii

136 490 357 554 pmperatrrm,et
365 484 435 547 fore,
454 500 527 552 quae
536 483 702 545 acciderant,
711 484 842 535 rebatur,
877 487 962 536 Hor·

136 562 213 607 tatus
223 571 304 616 suos,
321 562 354 604 ut
364 568 463 622 rnagno
478 552 567 605 annno
578 561 747 618 capesserent
753 568 893 618 pugnam,
916 556 961 605 di-

137 625 227 676 ductis
236 625 265 674 in
276 624 367 674 latera
376 623 495 684 turmis,
506 636 625 672 recuum
635 622 726 672 medio
736 622 876 688 relinquit
888 626 960 686 iter,

137 695 311 763 qroarum
321 693 483 758 equitesque
498 692 559 741 eius
574 692 720 756 reciperet:
739 691 832 741 iussae
842 690 960 743 arma-ri

136 764 275 831 legiones:
305 761 402 811 datum
415 775 464 825 per
480 774 563 826 agros
578 761 697 827 signum,
715 764 757 821 ut,
775 774 829 826 qua
844 763 958 831 cuique

137 834 305 901 proximum,
320 832 423 879 omissa
432 829 546 893 praeda,
552 829 659 895 proelio
671 834 860 881 occurrerent.
902 831 958 882 Pa·

136 899 341 951 ridusinterim
348 898 461 961 Varus,
472 900 573 957 turbae
583 913 700 949 suorum
709 899 854 960 miscetur,
875 901 956 951 intu-

137 969 229 1037 litque
243 967 433 1018 formidinem..
465 968 538 1033 pulsi
555 969 618 1019 c'um
632 969 733 1019 sauciis
748 969 866 1035 integri,
886 985 957 1027 suo.
968 1016 983 1040 ..·

137 1039 248 1105 metipsi
259 1034 338 1089 r‘netu
346 1040 376 1087 et
384 1038 633 1103 angustiisvi'arum
644 1036 888 1089 conflictabantur.

188 1107 281 1159 xvir.
315 1105 450 1168 Nullum,
468 1108 500 1155 in·
516 1106 567 1157 illa
584 1107 785 1173 trepidatione,
806 1109 954 1159 Antonius

137 1178 290 1228 constantis
299 1174 397 1237 Ducis,
405 1172 455 1224 aut
465 1174 613 1225 fortissimi
621 1176 730 1239 militis,
746 1176 866 1227 officium
881 1179 954 1227 orni·

137 1249 183 1297 sit.
219 1260 367 1297 occursare
375 1244 560 1309 paventibus,
573 1246 704 1297 'retinere
715 1245 864 1295 cedentes:
901 1247 951 1297 ubi

137 1316 273 1383 plurimus
291 1314 384 1375 labor,-
398 1312 478 1363 unde
492 1312 590 1381 aliqua·
602 1329 665 1380 spes
671 1331 679 1378 ;
698 1315 827 1376 consilio,
852 1330 952 1377 manu,

74 1432 85 1448 x
136 1400 204 1437 voce
214 1385 329 1451 insignis
341 1382 423 1444 hosti,
442 1385 604 1449 conspicuus
615 1385 689 1435 suis:
705 1398 738 1435 eo
749 1388 894 1450 postremo
904 1400 953 1435 ar·
1011 1420 1012 1449 q

137 1454 214 1506 doris
225 1459 373 1521 provectus
389 1458 445 1515 est,
463 1453 679 1503 utrexillarium
696 1452 848 1521 fugientem
865 1451 952 1504 hasta
1011 1456 1012 1462 ’

136 1525 390 1576 transverberaret.
406 1538 488 1592 'mox
507 1528 621 1590 raptum
637 1523 768 1576 vexillum
788 1525 817 1573 in
837 1523 950 1590 hostem

139 1596 234 1646 vertit.
268 1609 322 1662 quo
332 1592 437 1659 pudore
448 1589 524 1643 haud
534 1593 634 1659 plures,
654 1609 735 1660 quam
747 1599 858 1643 eentum
871 1596 953 1661 equi·

138 1669 189 1727 tes,
199 1665 341 1715 restitere.
374 1663 447 1714 iuvit
455 1662 543 1724 loeus,
553 1665 673 1715 arctiore
684 1663 742 1713 illic
753 1665 804 1724 via,
815 1668 844 1712 et
854 1661 950 1716 fracto

137 1732 323 1785 interfluentis
333 1733 386 1782 riri
394 1744 489 1798 ponte,
498 1734 545 1798 qui
555 1733 662 1783 incerto
671 1733 763 1794 alveo,
773 1737 804 1782 et
814 1734 952 1799 praeeipi-

137 1803 213 1854 tibus
224 1804 300 1869 ripis,
311 1799 577 1866 fugaminpediebat.
615 1816 649 1850 ea
659 1802 819 1862 necessitas,
829 1815 880 1852 seu
894 1802 951 1854 for-

66 1883 69 1888 ·
138 1878 219 1934 tuna,
234 1872 328 1938 lapsas
343 1871 397 1919 iarn
415 1874 510 1934 partes
525 1870 656 1920 restituit.
692 1871 807 1921 Firnisti
822 1871 898 1922 inter
908 1889 952 1936 se,

139 1938 234 1992 densis
244 1939 386 1990 ordinibus
396 1939 538 2002 excipiunt
545 1938 711 1990 Vitellianos
718 1945 826 1990 temere
835 1939 951 2004 effusos,

139 2016 224 2075 atque
234 2010 277 2058 illi
285 2012 505 2057 consternantur.
541 2007 677 2059 Antonius
687 2011 793 2060 instare
803 2010 951 2074 persulsis,

139 2083 264 2128 sternere
279 2075 388 2126 obvios.
422 2074 512 2126 Simul
523 2078 622 2139 ceteri,
635 2083 674 2137 ,ut
684 2078 782 2145 cuique
793 2079 949 2145 ingenium,

140 2146 270 2212 spoliare,
281 2157 395 2209 capere,
408 2159 487 2196 erma
497 2155 637 2214 equosque
649 2149 788 2214 abripere.
821 2154 851 2198 et
860 2150 948 2199 exciti

140 2229 274 2283 prospero
284 2213 417 2275 elamore,
435 2216 483 2282 qui
492 2216 576 2266 modo
586 2231 637 2283 per
645 2232 730 2284 agros
739 2216 806 2284 fuga
814 2215 949 2282 palaban-

140 2291 195 2347 tur,
206 2285 346 2338 uictoriae
356 2299 389 2336 se
397 2285 562 2336 miscebant,

192 2353 294 2404 XVlll.
331 2354 371 2404 ld
382 2361 510 2420 quartum
526 2369 543 2404 a
554 2354 690 2405 Cremona
704 2354 823 2419 lapidem
841 2354 948 2409 fulsere

139 2421 281 2488 legionum
296 2422 388 2487 sigua,
406 2423 523 2487 Rapacis
536 2427 618 2488 atque
634 2423 856 2485 ltalieae,.laeto
871 2426 948 2477 inter

139 2491 221 2541 initia
230 2491 353 2558 equitum
364 2505 476 2540 suorum
488 2491 610 2555 proelio,
628 2490 695 2542 illuc
708 2499 947 2558 usqueproveeta.

140 2556 205 2620 Sed,
222 2559 270 2609 ubi
289 2558 414 2609 Fortuna
433 2565 532 2608 eontra
550 2557 616 2620 fuit,
633 2574 689 2608 non
709 2559 947 2625 laxare'ordines‚

140 2638 194 2675 non
205 2628 331 2694 recipere
341 2628 478 2690 turbatos,
497 2641 553 2678 non
565 2625 673 2676 obviam
685 2629 740 2690 ire,
758 2630 889 2698 ultroque
899 2631 946 2682 ad-
