<?xml version="1.0" encoding="UTF-8"?>
<!DOCTYPE html PUBLIC "-//W3C//DTD XHTML 1.0 Transitional//EN"
    "http://www.w3.org/TR/xhtml1/DTD/xhtml1-transitional.dtd">
<html xmlns="http://www.w3.org/1999/xhtml" xml:lang="en" lang="en">
 <head>
  <title>
</title>
<meta http-equiv="Content-Type" content="text/html;charset=utf-8" />
  <meta name='ocr-system' content='tesseract 3.04.00' />
  <meta name='ocr-capabilities' content='ocr_page ocr_carea ocr_par ocr_line ocrx_word'/>
</head>
<body>
  <div class='ocr_page' id='page_1' title='image "./ccorneliitaciti00socigoog/ccorneliitaciti00socigoog_0306.png"; bbox 0 0 2034 3025; ppageno 0'>
   <div class='ocr_carea' id='block_1_1' title="bbox 61 127 906 206">
    <p class='ocr_par' dir='ltr' id='par_1_1' title="bbox 61 127 906 206">
     <span class='ocr_line' id='line_1_1' title="bbox 61 127 906 206; baseline -0.007 -15"><span class='ocrx_word' id='word_1_1' title='bbox 61 127 484 206; x_wconf 51' lang='lat' dir='ltr'><strong>LtB.xi11.cnP.1e†le.</strong></span> <span class='ocrx_word' id='word_1_2' title='bbox 505 128 790 199; x_wconf 55' lang='lat' dir='ltr'><strong>[mesenate]</strong></span> <span class='ocrx_word' id='word_1_3' title='bbox 816 131 872 188; x_wconf 63' lang='grc' dir='ltr'><strong><em>Μ</em></strong></span> <span class='ocrx_word' id='word_1_4' title='bbox 902 179 906 185; x_wconf 86' lang='grc'><em>.</em></span> 
     </span>
    </p>
   </div>
   <div class='ocr_carea' id='block_1_2' title="bbox 56 241 912 799">
    <p class='ocr_par' dir='ltr' id='par_1_2' title="bbox 56 241 912 799">
     <span class='ocr_line' id='line_1_2' title="bbox 59 241 870 312; baseline -0.002 -16"><span class='ocrx_word' id='word_1_5' title='bbox 59 245 175 306; x_wconf 82' lang='lat' dir='ltr'><strong>similis,</strong></span> <span class='ocrx_word' id='word_1_6' title='bbox 191 241 360 304; x_wconf 68' lang='lat' dir='ltr'><strong>toidemito,</strong></span> <span class='ocrx_word' id='word_1_7' title='bbox 379 243 430 304; x_wconf 88' lang='lat' dir='ltr'><strong>ait,</strong></span> <span class='ocrx_word' id='word_1_8' title='bbox 442 257 492 307; x_wconf 83' lang='lat' dir='ltr'><strong>per</strong></span> <span class='ocrx_word' id='word_1_9' title='bbox 500 241 664 292; x_wconf 68' lang='lat' dir='ltr'><strong>comitialem</strong></span> <span class='ocrx_word' id='word_1_10' title='bbox 673 242 803 306; x_wconf 77' lang='lat' dir='ltr'><strong>merdam,</strong></span> <span class='ocrx_word' id='word_1_11' title='bbox 817 259 870 312; x_wconf 76' lang='lat' dir='ltr'><strong>qao</strong></span> 
     </span>
     <span class='ocr_line' id='line_1_3' title="bbox 56 307 869 385; baseline -0.004 -18"><span class='ocrx_word' id='word_1_12' title='bbox 56 307 764 385; x_wconf 76' lang='lat' dir='ltr'><strong>primumcbinsantinadflictaretarBritnnnic-ut,</strong></span> <span class='ocrx_word' id='word_1_13' title='bbox 791 321 869 365; x_wconf 77' lang='lat' dir='ltr'><strong>etre-</strong></span> 
     </span>
     <span class='ocr_line' id='line_1_4' title="bbox 62 379 869 448; baseline -0.004 -12"><span class='ocrx_word' id='word_1_14' title='bbox 62 384 172 436; x_wconf 81' lang='lat' dir='ltr'><strong>dituroe</strong></span> <span class='ocrx_word' id='word_1_15' title='bbox 181 380 329 448; x_wconf 80' lang='lat' dir='ltr'><strong>paullatim</strong></span> <span class='ocrx_word' id='word_1_16' title='bbox 342 379 414 432; x_wconf 58' lang='lat' dir='ltr'><strong>emar</strong></span> <span class='ocrx_word' id='word_1_17' title='bbox 425 395 577 444; x_wconf 72' lang='lat' dir='ltr'><strong>tensusque.</strong></span> <span class='ocrx_word' id='word_1_18' title='bbox 612 380 650 430; x_wconf 77' lang='lat' dir='ltr'><strong>nt</strong></span> <span class='ocrx_word' id='word_1_19' title='bbox 659 379 831 448; x_wconf 70' lang='lat' dir='ltr'><strong>Agrippinae</strong></span> <span class='ocrx_word' id='word_1_20' title='bbox 843 382 869 433; x_wconf 80' lang='lat' dir='ltr'><strong>ia</strong></span> 
     </span>
     <span class='ocr_line' id='line_1_5' title="bbox 61 450 912 522; baseline -0.009 -18"><span class='ocrx_word' id='word_1_21' title='bbox 61 468 166 522; x_wconf 79' lang='lat' dir='ltr'><strong>paror,</strong></span> <span class='ocrx_word' id='word_1_22' title='bbox 194 466 229 502; x_wconf 83' lang='lat' dir='ltr'><strong>ea</strong></span> <span class='ocrx_word' id='word_1_23' title='bbox 238 453 430 502; x_wconf 82' lang='lat' dir='ltr'><strong>consternatio</strong></span> <span class='ocrx_word' id='word_1_24' title='bbox 441 452 558 512; x_wconf 85' lang='lat' dir='ltr'><strong>mentis,</strong></span> <span class='ocrx_word' id='word_1_25' title='bbox 585 450 870 516; x_wconf 75' lang='lat' dir='ltr'><strong>quamvisrultnpre·</strong></span> <span class='ocrx_word' id='word_1_26' title='bbox 908 468 912 481; x_wconf 90' lang='lat'>·</span> 
     </span>
     <span class='ocr_line' id='line_1_6' title="bbox 62 517 869 586; baseline -0.007 -11"><span class='ocrx_word' id='word_1_27' title='bbox 62 529 208 582; x_wconf 85' lang='lat' dir='ltr'><strong>meretur,</strong></span> <span class='ocrx_word' id='word_1_28' title='bbox 237 521 362 581; x_wconf 81' lang='lat' dir='ltr'><strong>emicuit,</strong></span> <span class='ocrx_word' id='word_1_29' title='bbox 390 526 437 580; x_wconf 81' lang='lat' dir='ltr'><strong>at,</strong></span> <span class='ocrx_word' id='word_1_30' title='bbox 464 519 581 585; x_wconf 77' lang='lat' dir='ltr'><strong>perinde</strong></span> <span class='ocrx_word' id='word_1_31' title='bbox 597 519 725 586; x_wconf 77' lang='lat' dir='ltr'><strong>ignaram</strong></span> <span class='ocrx_word' id='word_1_32' title='bbox 735 517 869 570; x_wconf 81' lang='lat' dir='ltr'><strong>iuisaeae</strong></span> 
     </span>
     <span class='ocr_line' id='line_1_7' title="bbox 63 589 869 656; baseline -0.006 -11"><span class='ocrx_word' id='word_1_33' title='bbox 63 606 194 645; x_wconf 84' lang='lat' dir='ltr'><strong>sororem</strong></span> <span class='ocrx_word' id='word_1_34' title='bbox 206 589 361 640; x_wconf 79' lang='lat' dir='ltr'><strong>Britannici</strong></span> <span class='ocrx_word' id='word_1_35' title='bbox 373 589 533 651; x_wconf 78' lang='lat' dir='ltr'><strong>Octaviam,</strong></span> <span class='ocrx_word' id='word_1_36' title='bbox 560 590 731 642; x_wconf 84' lang='lat' dir='ltr'><strong>constiterit.</strong></span> <span class='ocrx_word' id='word_1_37' title='bbox 766 589 869 656; x_wconf 77' lang='lat' dir='ltr'><strong>quippe</strong></span> 
     </span>
     <span class='ocr_line' id='line_1_8' title="bbox 63 658 870 728; baseline -0.006 -15"><span class='ocrx_word' id='word_1_38' title='bbox 63 663 292 728; x_wconf 72' lang='lat' dir='ltr'><strong>sibisupremum</strong></span> <span class='ocrx_word' id='word_1_39' title='bbox 303 658 436 710; x_wconf 80' lang='lat' dir='ltr'><strong>auxilium</strong></span> <span class='ocrx_word' id='word_1_40' title='bbox 447 665 583 724; x_wconf 85' lang='lat' dir='ltr'><strong>ereptum,</strong></span> <span class='ocrx_word' id='word_1_41' title='bbox 595 658 870 726; x_wconf 82' lang='lat' dir='ltr'><strong>etparrieidiiexem·</strong></span> 
     </span>
     <span class='ocr_line' id='line_1_9' title="bbox 62 727 869 799; baseline -0.005 -17"><span class='ocrx_word' id='word_1_42' title='bbox 62 732 141 799; x_wconf 91' lang='lat' dir='ltr'><strong>plum</strong></span> <span class='ocrx_word' id='word_1_43' title='bbox 152 728 341 794; x_wconf 78' lang='lat' dir='ltr'><strong>intelligebat.</strong></span> <span class='ocrx_word' id='word_1_44' title='bbox 360 727 475 779; x_wconf 81' lang='lat' dir='ltr'><strong>Octavia</strong></span> <span class='ocrx_word' id='word_1_45' title='bbox 485 743 604 796; x_wconf 81' lang='lat' dir='ltr'><strong>queque,</strong></span> <span class='ocrx_word' id='word_1_46' title='bbox 614 729 740 794; x_wconf 80' lang='lat' dir='ltr'><strong>quamvis</strong></span> <span class='ocrx_word' id='word_1_47' title='bbox 750 727 869 779; x_wconf 82' lang='lat' dir='ltr'><strong>rudibus</strong></span> 
     </span>
    </p>
   </div>
   <div class='ocr_carea' id='block_1_3' title="bbox 62 796 969 863">
    <p class='ocr_par' dir='ltr' id='par_1_3' title="bbox 62 796 969 863">
     <span class='ocr_line' id='line_1_10' title="bbox 62 796 969 863; baseline -0.004 -11"><span class='ocrx_word' id='word_1_48' title='bbox 62 801 158 863; x_wconf 88' lang='lat' dir='ltr'><strong>annis,</strong></span> <span class='ocrx_word' id='word_1_49' title='bbox 178 799 314 861; x_wconf 88' lang='lat' dir='ltr'><strong>dolorem,</strong></span> <span class='ocrx_word' id='word_1_50' title='bbox 335 800 492 861; x_wconf 74' lang='lat' dir='ltr'><strong>caritatem,</strong></span> <span class='ocrx_word' id='word_1_51' title='bbox 512 796 742 850; x_wconf 79' lang='lat' dir='ltr'><strong>omnisadieetua</strong></span> <span class='ocrx_word' id='word_1_52' title='bbox 752 798 870 850; x_wconf 73' lang='lat' dir='ltr'><strong>abaeom</strong></span> <span class='ocrx_word' id='word_1_53' title='bbox 961 819 969 832; x_wconf 87' lang='lat'>=</span> 
     </span>
    </p>
   </div>
   <div class='ocr_carea' id='block_1_4' title="bbox 60 867 935 2530">
    <p class='ocr_par' dir='ltr' id='par_1_4' title="bbox 63 867 292 922">
     <span class='ocr_line' id='line_1_11' title="bbox 63 867 292 922; baseline -0.017 0"><span class='ocrx_word' id='word_1_54' title='bbox 63 867 134 922; x_wconf 86' lang='lat' dir='ltr'><strong>dero</strong></span> <span class='ocrx_word' id='word_1_55' title='bbox 146 867 292 920; x_wconf 79' lang='lat' dir='ltr'><strong>didicerat</strong></span> 
     </span>
    </p>

    <p class='ocr_par' dir='ltr' id='par_1_5' title="bbox 60 932 935 2530">
     <span class='ocr_line' id='line_1_12' title="bbox 117 932 871 1008; baseline -0.001 -19"><span class='ocrx_word' id='word_1_56' title='bbox 117 937 207 990; x_wconf 88' lang='lat' dir='ltr'><strong>XVll.</strong></span> <span class='ocrx_word' id='word_1_57' title='bbox 226 937 269 988; x_wconf 88' lang='lat' dir='ltr'><strong>lta</strong></span> <span class='ocrx_word' id='word_1_58' title='bbox 279 932 439 1004; x_wconf 83' lang='lat' dir='ltr'><strong>poetbrere</strong></span> <span class='ocrx_word' id='word_1_59' title='bbox 449 938 603 1004; x_wconf 88' lang='lat' dir='ltr'><strong>silentium,</strong></span> <span class='ocrx_word' id='word_1_60' title='bbox 618 939 742 1008; x_wconf 85' lang='lat' dir='ltr'><strong>repetita</strong></span> <span class='ocrx_word' id='word_1_61' title='bbox 751 936 871 990; x_wconf 79' lang='lat' dir='ltr'><strong>convivii</strong></span> 
     </span>
     <span class='ocr_line' id='line_1_13' title="bbox 63 1003 871 1074; baseline -0.002 -14"><span class='ocrx_word' id='word_1_62' title='bbox 63 1003 186 1060; x_wconf 83' lang='lat' dir='ltr'><strong>laetitia.</strong></span> <span class='ocrx_word' id='word_1_63' title='bbox 226 1005 289 1058; x_wconf 84' lang='lat' dir='ltr'><strong>Nox</strong></span> <span class='ocrx_word' id='word_1_64' title='bbox 309 1007 406 1059; x_wconf 84' lang='lat' dir='ltr'><strong>eedem</strong></span> <span class='ocrx_word' id='word_1_65' title='bbox 427 1023 524 1060; x_wconf 86' lang='lat' dir='ltr'><strong>necem</strong></span> <span class='ocrx_word' id='word_1_66' title='bbox 543 1009 699 1061; x_wconf 77' lang='lat' dir='ltr'><strong>Britannici</strong></span> <span class='ocrx_word' id='word_1_67' title='bbox 719 1013 749 1060; x_wconf 94' lang='lat' dir='ltr'><strong>et</strong></span> <span class='ocrx_word' id='word_1_68' title='bbox 769 1020 871 1074; x_wconf 74' lang='lat' dir='ltr'><strong>regum</strong></span> 
     </span>
     <span class='ocr_line' id='line_1_14' title="bbox 65 1076 870 1146; baseline 0 -18"><span class='ocrx_word' id='word_1_69' title='bbox 65 1077 224 1140; x_wconf 84' lang='lat' dir='ltr'><strong>coniunxit,</strong></span> <span class='ocrx_word' id='word_1_70' title='bbox 239 1078 352 1143; x_wconf 85' lang='lat' dir='ltr'><strong>proviso</strong></span> <span class='ocrx_word' id='word_1_71' title='bbox 362 1083 428 1128; x_wconf 86' lang='lat' dir='ltr'><strong>ante</strong></span> <span class='ocrx_word' id='word_1_72' title='bbox 438 1076 551 1130; x_wconf 78' lang='lat' dir='ltr'><strong>iusseri</strong></span> <span class='ocrx_word' id='word_1_73' title='bbox 560 1086 672 1144; x_wconf 81' lang='lat' dir='ltr'><strong>paratu,</strong></span> <span class='ocrx_word' id='word_1_74' title='bbox 687 1079 734 1146; x_wconf 82' lang='lat' dir='ltr'><strong>qui</strong></span> <span class='ocrx_word' id='word_1_75' title='bbox 743 1076 870 1128; x_wconf 80' lang='lat' dir='ltr'><strong>modicae</strong></span> 
     </span>
     <span class='ocr_line' id='line_1_15' title="bbox 60 1143 871 1214; baseline -0.002 -14"><span class='ocrx_word' id='word_1_76' title='bbox 60 1143 129 1206; x_wconf 65' lang='lat' dir='ltr'><strong>fuit.</strong></span> <span class='ocrx_word' id='word_1_77' title='bbox 167 1145 198 1196; x_wconf 88' lang='lat' dir='ltr'><strong>ln</strong></span> <span class='ocrx_word' id='word_1_78' title='bbox 218 1161 315 1211; x_wconf 86' lang='lat' dir='ltr'><strong>campo</strong></span> <span class='ocrx_word' id='word_1_79' title='bbox 330 1153 425 1199; x_wconf 84' lang='lat' dir='ltr'><strong>tamen</strong></span> <span class='ocrx_word' id='word_1_80' title='bbox 441 1149 543 1200; x_wconf 86' lang='lat' dir='ltr'><strong>Martis</strong></span> <span class='ocrx_word' id='word_1_81' title='bbox 563 1148 689 1214; x_wconf 76' lang='lat' dir='ltr'><strong>sepultae</strong></span> <span class='ocrx_word' id='word_1_82' title='bbox 711 1151 769 1208; x_wconf 89' lang='lat' dir='ltr'><strong>eat,</strong></span> <span class='ocrx_word' id='word_1_83' title='bbox 797 1143 871 1198; x_wconf 84' lang='lat' dir='ltr'><strong>adeo</strong></span> 
     </span>
     <span class='ocr_line' id='line_1_16' title="bbox 65 1212 872 1284; baseline -0.002 -18"><span class='ocrx_word' id='word_1_84' title='bbox 65 1213 188 1266; x_wconf 86' lang='lat' dir='ltr'><strong>turbidis</strong></span> <span class='ocrx_word' id='word_1_85' title='bbox 207 1217 357 1280; x_wconf 89' lang='lat' dir='ltr'><strong>imbribus,</strong></span> <span class='ocrx_word' id='word_1_86' title='bbox 382 1223 414 1267; x_wconf 91' lang='lat' dir='ltr'><strong>ut</strong></span> <span class='ocrx_word' id='word_1_87' title='bbox 433 1219 533 1284; x_wconf 81' lang='lat' dir='ltr'><strong>vulgus</strong></span> <span class='ocrx_word' id='word_1_88' title='bbox 546 1219 618 1270; x_wconf 84' lang='lat' dir='ltr'><strong>iram</strong></span> <span class='ocrx_word' id='word_1_89' title='bbox 632 1217 724 1266; x_wconf 82' lang='lat' dir='ltr'><strong>Deum</strong></span> <span class='ocrx_word' id='word_1_90' title='bbox 738 1212 872 1280; x_wconf 85' lang='lat' dir='ltr'><strong>portendi</strong></span> 
     </span>
     <span class='ocr_line' id='line_1_17' title="bbox 67 1280 872 1353; baseline -0.002 -17"><span class='ocrx_word' id='word_1_91' title='bbox 67 1283 221 1342; x_wconf 77' lang='lat' dir='ltr'><strong>crediderit</strong></span> <span class='ocrx_word' id='word_1_92' title='bbox 236 1285 370 1338; x_wconf 83' lang='lat' dir='ltr'><strong>advorsus</strong></span> <span class='ocrx_word' id='word_1_93' title='bbox 385 1285 507 1348; x_wconf 78' lang='lat' dir='ltr'><strong>facinus,</strong></span> <span class='ocrx_word' id='word_1_94' title='bbox 535 1287 580 1336; x_wconf 83' lang='lat' dir='ltr'><strong>cui</strong></span> <span class='ocrx_word' id='word_1_95' title='bbox 590 1285 715 1353; x_wconf 89' lang='lat' dir='ltr'><strong>plerique</strong></span> <span class='ocrx_word' id='word_1_96' title='bbox 726 1285 811 1336; x_wconf 88' lang='lat' dir='ltr'><strong>etiam</strong></span> <span class='ocrx_word' id='word_1_97' title='bbox 822 1280 872 1334; x_wconf 87' lang='lat' dir='ltr'><strong>bo·</strong></span> 
     </span>
     <span class='ocr_line' id='line_1_18' title="bbox 67 1351 872 1421; baseline -0.002 -18"><span class='ocrx_word' id='word_1_98' title='bbox 67 1351 174 1403; x_wconf 90' lang='lat' dir='ltr'><strong>minum</strong></span> <span class='ocrx_word' id='word_1_99' title='bbox 185 1354 382 1420; x_wconf 79' lang='lat' dir='ltr'><strong>ignoscebant,</strong></span> <span class='ocrx_word' id='word_1_100' title='bbox 401 1353 533 1421; x_wconf 85' lang='lat' dir='ltr'><strong>antiquas</strong></span> <span class='ocrx_word' id='word_1_101' title='bbox 543 1354 663 1406; x_wconf 82' lang='lat' dir='ltr'><strong>fratrum</strong></span> <span class='ocrx_word' id='word_1_102' title='bbox 673 1351 830 1405; x_wconf 86' lang='lat' dir='ltr'><strong>discordias</strong></span> <span class='ocrx_word' id='word_1_103' title='bbox 839 1354 872 1402; x_wconf 88' lang='lat' dir='ltr'><strong>et</strong></span> 
     </span>
     <span class='ocr_line' id='line_1_19' title="bbox 66 1421 935 1490; baseline -0.005 -16"><span class='ocrx_word' id='word_1_104' title='bbox 66 1422 231 1474; x_wconf 84' lang='lat' dir='ltr'><strong>insociabile</strong></span> <span class='ocrx_word' id='word_1_105' title='bbox 242 1423 368 1490; x_wconf 74' lang='lat' dir='ltr'><strong>Regnum</strong></span> <span class='ocrx_word' id='word_1_106' title='bbox 380 1425 573 1475; x_wconf 83' lang='lat' dir='ltr'><strong>aestimantes.</strong></span> <span class='ocrx_word' id='word_1_107' title='bbox 606 1422 736 1473; x_wconf 78' lang='lat' dir='ltr'><strong>&#39;l&#39;radnnt</strong></span> <span class='ocrx_word' id='word_1_108' title='bbox 744 1421 871 1487; x_wconf 88' lang='lat' dir='ltr'><strong>plerique</strong></span> <span class='ocrx_word' id='word_1_109' title='bbox 930 1421 935 1436; x_wconf 91' lang='lat'><strong><em>‘</em></strong></span> 
     </span>
     <span class='ocr_line' id='line_1_20' title="bbox 67 1487 872 1561; baseline -0.005 -16"><span class='ocrx_word' id='word_1_110' title='bbox 67 1507 166 1546; x_wconf 85' lang='lat' dir='ltr'><strong>eorum</strong></span> <span class='ocrx_word' id='word_1_111' title='bbox 181 1497 339 1561; x_wconf 82' lang='lat' dir='ltr'><strong>temporum</strong></span> <span class='ocrx_word' id='word_1_112' title='bbox 361 1494 528 1557; x_wconf 77' lang='lat' dir='ltr'><strong>scriptores,</strong></span> <span class='ocrx_word' id='word_1_113' title='bbox 558 1490 659 1545; x_wconf 79' lang='lat' dir='ltr'><strong>crebris</strong></span> <span class='ocrx_word' id='word_1_114' title='bbox 679 1497 742 1543; x_wconf 84' lang='lat' dir='ltr'><strong>onte</strong></span> <span class='ocrx_word' id='word_1_115' title='bbox 756 1487 872 1542; x_wconf 76' lang='lat' dir='ltr'><strong>exitium</strong></span> 
     </span>
     <span class='ocr_line' id='line_1_21' title="bbox 63 1557 872 1629; baseline -0.007 -14"><span class='ocrx_word' id='word_1_116' title='bbox 63 1562 159 1615; x_wconf 78' lang='lat' dir='ltr'><strong>&#39;diebus</strong></span> <span class='ocrx_word' id='word_1_117' title='bbox 169 1558 285 1615; x_wconf 77' lang='lat' dir='ltr'><strong>inlutum</strong></span> <span class='ocrx_word' id='word_1_118' title='bbox 296 1562 347 1627; x_wconf 70' lang='lat' dir='ltr'><strong>iste</strong></span> <span class='ocrx_word' id='word_1_119' title='bbox 355 1561 493 1629; x_wconf 81' lang='lat' dir='ltr'><strong>pueritiae</strong></span> <span class='ocrx_word' id='word_1_120' title='bbox 502 1560 662 1614; x_wconf 73' lang='lat' dir='ltr'><strong>Britannici</strong></span> <span class='ocrx_word' id='word_1_121' title='bbox 671 1557 822 1612; x_wconf 72' lang='lat' dir='ltr'><strong>Neronem</strong></span> <span class='ocrx_word' id='word_1_122' title='bbox 838 1562 872 1610; x_wconf 79' lang='lat' dir='ltr'><strong>at</strong></span> 
     </span>
     <span class='ocr_line' id='line_1_22' title="bbox 64 1628 873 1699; baseline -0.007 -16"><span class='ocrx_word' id='word_1_123' title='bbox 64 1633 123 1683; x_wconf 88' lang='lat' dir='ltr'><strong>ium</strong></span> <span class='ocrx_word' id='word_1_124' title='bbox 133 1647 190 1683; x_wconf 89' lang='lat' dir='ltr'><strong>non</strong></span> <span class='ocrx_word' id='word_1_125' title='bbox 198 1639 386 1698; x_wconf 80' lang='lat' dir='ltr'><strong>praematura,</strong></span> <span class='ocrx_word' id='word_1_126' title='bbox 397 1646 487 1699; x_wconf 88' lang='lat' dir='ltr'><strong>neque</strong></span> <span class='ocrx_word' id='word_1_127' title='bbox 499 1647 583 1684; x_wconf 85' lang='lat' dir='ltr'><strong>saeva</strong></span> <span class='ocrx_word' id='word_1_128' title='bbox 592 1645 669 1683; x_wconf 86' lang='lat' dir='ltr'><strong>mera</strong></span> <span class='ocrx_word' id='word_1_129' title='bbox 678 1628 769 1679; x_wconf 81' lang='lat' dir='ltr'><strong>rideri</strong></span> <span class='ocrx_word' id='word_1_130' title='bbox 778 1630 873 1693; x_wconf 80' lang='lat' dir='ltr'><strong>queat,</strong></span> 
     </span>
     <span class='ocr_line' id='line_1_23' title="bbox 65 1694 928 1769; baseline -0.005 -16"><span class='ocrx_word' id='word_1_131' title='bbox 65 1701 195 1769; x_wconf 84' lang='lat' dir='ltr'><strong>quamvis</strong></span> <span class='ocrx_word' id='word_1_132' title='bbox 206 1703 282 1753; x_wconf 90' lang='lat' dir='ltr'><strong>inter</strong></span> <span class='ocrx_word' id='word_1_133' title='bbox 292 1716 372 1753; x_wconf 84' lang='lat' dir='ltr'><strong>sacra</strong></span> <span class='ocrx_word' id='word_1_134' title='bbox 382 1714 509 1763; x_wconf 86' lang='lat' dir='ltr'><strong>mensae,</strong></span> <span class='ocrx_word' id='word_1_135' title='bbox 529 1717 564 1753; x_wconf 83' lang='lat' dir='ltr'><strong>ne</strong></span> <span class='ocrx_word' id='word_1_136' title='bbox 575 1706 703 1766; x_wconf 86' lang='lat' dir='ltr'><strong>tempere</strong></span> <span class='ocrx_word' id='word_1_137' title='bbox 714 1696 825 1765; x_wconf 81' lang='lat' dir='ltr'><strong>quidem</strong></span> <span class='ocrx_word' id='word_1_138' title='bbox 836 1694 873 1750; x_wconf 84' lang='lat' dir='ltr'><strong>ad</strong></span> <span class='ocrx_word' id='word_1_139' title='bbox 925 1696 928 1702; x_wconf 83' lang='lat'>&#39;</span> 
     </span>
     <span class='ocr_line' id='line_1_24' title="bbox 66 1767 874 1837; baseline -0.007 -12"><span class='ocrx_word' id='word_1_140' title='bbox 66 1770 245 1837; x_wconf 83' lang='lat' dir='ltr'><strong>complexum</strong></span> <span class='ocrx_word' id='word_1_141' title='bbox 257 1773 348 1823; x_wconf 86' lang='lat' dir='ltr'><strong>sorori</strong></span> <span class='ocrx_word' id='word_1_142' title='bbox 360 1772 442 1833; x_wconf 84' lang='lat' dir='ltr'><strong>dato,</strong></span> <span class='ocrx_word' id='word_1_143' title='bbox 470 1776 537 1823; x_wconf 80' lang='lat' dir='ltr'><strong>ante</strong></span> <span class='ocrx_word' id='word_1_144' title='bbox 548 1772 645 1823; x_wconf 80' lang='lat' dir='ltr'><strong>ocules</strong></span> <span class='ocrx_word' id='word_1_145' title='bbox 659 1767 764 1821; x_wconf 89' lang='lat' dir='ltr'><strong>inimici</strong></span> <span class='ocrx_word' id='word_1_146' title='bbox 774 1779 874 1833; x_wconf 80' lang='lat' dir='ltr'><strong>prope·</strong></span> 
     </span>
     <span class='ocr_line' id='line_1_25' title="bbox 63 1837 874 1907; baseline -0.005 -17"><span class='ocrx_word' id='word_1_147' title='bbox 63 1842 132 1897; x_wconf 73' lang='lat' dir='ltr'><strong>&#39;rete</strong></span> <span class='ocrx_word' id='word_1_148' title='bbox 142 1841 190 1903; x_wconf 84' lang='lat' dir='ltr'><strong>sit,</strong></span> <span class='ocrx_word' id='word_1_149' title='bbox 208 1842 236 1891; x_wconf 90' lang='lat' dir='ltr'><strong>in</strong></span> <span class='ocrx_word' id='word_1_150' title='bbox 247 1840 326 1891; x_wconf 92' lang='lat' dir='ltr'><strong>illum</strong></span> <span class='ocrx_word' id='word_1_151' title='bbox 336 1854 496 1907; x_wconf 86' lang='lat' dir='ltr'><strong>supremum</strong></span> <span class='ocrx_word' id='word_1_152' title='bbox 508 1841 687 1893; x_wconf 80' lang='lat' dir='ltr'><strong>Claudiorum</strong></span> <span class='ocrx_word' id='word_1_153' title='bbox 697 1837 874 1904; x_wconf 78' lang='lat' dir='ltr'><strong>sanguinent,</strong></span> 
     </span>
     <span class='ocr_line' id='line_1_26' title="bbox 65 1908 875 1979; baseline -0.007 -16"><span class='ocrx_word' id='word_1_154' title='bbox 65 1915 168 1979; x_wconf 83' lang='lat' dir='ltr'><strong>stupro</strong></span> <span class='ocrx_word' id='word_1_155' title='bbox 178 1911 256 1977; x_wconf 83' lang='lat' dir='ltr'><strong>prius</strong></span> <span class='ocrx_word' id='word_1_156' title='bbox 267 1925 348 1977; x_wconf 84' lang='lat' dir='ltr'><strong>quem</strong></span> <span class='ocrx_word' id='word_1_157' title='bbox 357 1926 466 1963; x_wconf 84' lang='lat' dir='ltr'><strong>veneno</strong></span> <span class='ocrx_word' id='word_1_158' title='bbox 477 1911 624 1975; x_wconf 88' lang='lat' dir='ltr'><strong>pollutum.</strong></span> <span class='ocrx_word' id='word_1_159' title='bbox 649 1908 875 1961; x_wconf 77' lang='lat' dir='ltr'><strong>Festinauousm</strong></span> 
     </span>
     <span class='ocr_line' id='line_1_27' title="bbox 66 1975 875 2045; baseline -0.006 -12"><span class='ocrx_word' id='word_1_160' title='bbox 66 1980 266 2045; x_wconf 80' lang='lat' dir='ltr'><strong>exsequiarum</strong></span> <span class='ocrx_word' id='word_1_161' title='bbox 283 1980 376 2031; x_wconf 89' lang='lat' dir='ltr'><strong>edicto</strong></span> <span class='ocrx_word' id='word_1_162' title='bbox 392 1982 495 2031; x_wconf 86' lang='lat' dir='ltr'><strong>Caesar</strong></span> <span class='ocrx_word' id='word_1_163' title='bbox 511 1979 652 2045; x_wconf 84' lang='lat' dir='ltr'><strong>defendit,</strong></span> <span class='ocrx_word' id='word_1_164' title='bbox 680 1993 699 2030; x_wconf 87' lang='lat' dir='ltr'><strong>a</strong></span> <span class='ocrx_word' id='word_1_165' title='bbox 717 1975 875 2029; x_wconf 68' lang='lat' dir='ltr'><strong>maioribus</strong></span> 
     </span>
     <span class='ocr_line' id='line_1_28' title="bbox 63 2046 876 2113; baseline -0.006 -9"><span class='ocrx_word' id='word_1_166' title='bbox 63 2046 230 2104; x_wconf 67' lang='lat' dir='ltr'><strong>institutum</strong></span> <span class='ocrx_word' id='word_1_167' title='bbox 241 2048 379 2112; x_wconf 84' lang='lat' dir='ltr'><strong>referens,</strong></span> <span class='ocrx_word' id='word_1_168' title='bbox 393 2046 754 2109; x_wconf 60' lang='lat' dir='ltr'><strong>roconismontem</strong></span> <span class='ocrx_word' id='word_1_169' title='bbox 780 2060 876 2113; x_wconf 66' lang='lat' dir='ltr'><strong>anna,</strong></span> 
     </span>
     <span class='ocr_line' id='line_1_29' title="bbox 69 2118 875 2187; baseline -0.001 -15"><span class='ocrx_word' id='word_1_170' title='bbox 69 2118 381 2187; x_wconf 81' lang='lat' dir='ltr'><strong>nepueiaudotienibur,</strong></span> <span class='ocrx_word' id='word_1_171' title='bbox 409 2126 461 2171; x_wconf 82' lang='lat' dir='ltr'><strong>out</strong></span> <span class='ocrx_word' id='word_1_172' title='bbox 472 2134 571 2185; x_wconf 85' lang='lat' dir='ltr'><strong>pompa</strong></span> <span class='ocrx_word' id='word_1_173' title='bbox 581 2118 708 2171; x_wconf 78' lang='lat' dir='ltr'><strong>detincre.</strong></span> <span class='ocrx_word' id='word_1_174' title='bbox 769 2123 875 2171; x_wconf 70' lang='lat' dir='ltr'><strong>sim</strong></span> 
     </span>
     <span class='ocr_line' id='line_1_30' title="bbox 65 2182 874 2260; baseline -0.006 -19"><span class='ocrx_word' id='word_1_175' title='bbox 65 2192 94 2241; x_wconf 81' lang='lat' dir='ltr'><strong>&#39;et</strong></span> <span class='ocrx_word' id='word_1_176' title='bbox 104 2185 166 2251; x_wconf 72' lang='lat' dir='ltr'><strong>sili,</strong></span> <span class='ocrx_word' id='word_1_177' title='bbox 185 2188 283 2240; x_wconf 83' lang='lat' dir='ltr'><strong>amitte</strong></span> <span class='ocrx_word' id='word_1_178' title='bbox 287 2188 394 2260; x_wconf 79' lang='lat' dir='ltr'><strong>fratris</strong></span> <span class='ocrx_word' id='word_1_179' title='bbox 403 2187 516 2251; x_wconf 76' lang='lat' dir='ltr'><strong>auxilio,</strong></span> <span class='ocrx_word' id='word_1_180' title='bbox 534 2187 653 2253; x_wconf 74' lang='lat' dir='ltr'><strong>reliquae</strong></span> <span class='ocrx_word' id='word_1_181' title='bbox 663 2201 722 2255; x_wconf 76' lang='lat' dir='ltr'><strong>epm</strong></span> <span class='ocrx_word' id='word_1_182' title='bbox 730 2182 874 2252; x_wconf 71' lang='lat' dir='ltr'><strong>nReput.</strong></span> 
     </span>
     <span class='ocr_line' id='line_1_31' title="bbox 66 2255 875 2328; baseline -0.004 -19"><span class='ocrx_word' id='word_1_183' title='bbox 66 2256 150 2309; x_wconf 70' lang='lat' dir='ltr'><strong>titan</strong></span> <span class='ocrx_word' id='word_1_184' title='bbox 177 2265 205 2309; x_wconf 85' lang='lat' dir='ltr'><strong>et</strong></span> <span class='ocrx_word' id='word_1_185' title='bbox 216 2266 294 2311; x_wconf 81' lang='lat' dir='ltr'><strong>tanto</strong></span> <span class='ocrx_word' id='word_1_186' title='bbox 309 2257 397 2327; x_wconf 79' lang='lat' dir='ltr'><strong>magis</strong></span> <span class='ocrx_word' id='word_1_187' title='bbox 405 2256 554 2328; x_wconf 77' lang='lat' dir='ltr'><strong>fovendum</strong></span> <span class='ocrx_word' id='word_1_188' title='bbox 563 2256 698 2310; x_wconf 78' lang='lat' dir='ltr'><strong>Patribus</strong></span> <span class='ocrx_word' id='word_1_189' title='bbox 713 2255 875 2321; x_wconf 80' lang='lat' dir='ltr'><strong>Populoqtte</strong></span> 
     </span>
     <span class='ocr_line' id='line_1_32' title="bbox 67 2324 874 2398; baseline -0.009 -17"><span class='ocrx_word' id='word_1_190' title='bbox 67 2324 241 2394; x_wconf 70' lang='lat' dir='ltr'><strong>Principem,</strong></span> <span class='ocrx_word' id='word_1_191' title='bbox 270 2325 317 2395; x_wconf 81' lang='lat' dir='ltr'><strong>pai</strong></span> <span class='ocrx_word' id='word_1_192' title='bbox 326 2343 394 2379; x_wconf 80' lang='lat' dir='ltr'><strong>unus</strong></span> <span class='ocrx_word' id='word_1_193' title='bbox 405 2335 576 2394; x_wconf 71' lang='lat' dir='ltr'><strong>supersessis</strong></span> <span class='ocrx_word' id='word_1_194' title='bbox 586 2326 715 2398; x_wconf 81' lang='lat' dir='ltr'><strong>familia,</strong></span> <span class='ocrx_word' id='word_1_195' title='bbox 741 2336 874 2375; x_wconf 69' lang='lat' dir='ltr'><strong>mutum</strong></span> 
     </span>
     <span class='ocr_line' id='line_1_33' title="bbox 67 2394 875 2468; baseline -0.002 -19"><span class='ocrx_word' id='word_1_196' title='bbox 67 2394 106 2449; x_wconf 83' lang='lat' dir='ltr'><strong>ed</strong></span> <span class='ocrx_word' id='word_1_197' title='bbox 122 2395 275 2468; x_wconf 77' lang='lat' dir='ltr'><strong>festigium</strong></span> <span class='ocrx_word' id='word_1_198' title='bbox 296 2396 402 2468; x_wconf 78' lang='lat' dir='ltr'><strong>genita.</strong></span> <span class='ocrx_word' id='word_1_199' title='bbox 447 2396 521 2448; x_wconf 84' lang='lat' dir='ltr'><strong>Exin</strong></span> <span class='ocrx_word' id='word_1_200' title='bbox 537 2396 690 2464; x_wconf 81' lang='lat' dir='ltr'><strong>largitione</strong></span> <span class='ocrx_word' id='word_1_201' title='bbox 710 2394 875 2463; x_wconf 72' lang='lat' dir='ltr'><strong>potissime!</strong></span> 
     </span>
     <span class='ocr_line' id='line_1_34' title="bbox 69 2468 667 2530; baseline 0.012 -14"><span class='ocrx_word' id='word_1_202' title='bbox 69 2468 323 2530; x_wconf 72' lang='lat' dir='ltr'><strong>amicorumauxit.</strong></span> <span class='ocrx_word' id='word_1_203' title='bbox 663 2495 667 2500; x_wconf 58' lang='grc'><em>»</em></span> 
     </span>
    </p>
   </div>
   <div class='ocr_carea' id='block_1_5' title="bbox 69 2531 979 2801">
    <p class='ocr_par' dir='ltr' id='par_1_6' title="bbox 69 2531 979 2801">
     <span class='ocr_line' id='line_1_35' title="bbox 70 2531 979 2605; baseline -0.004 -19"><span class='ocrx_word' id='word_1_204' title='bbox 70 2534 72 2539; x_wconf 84' lang='grc'><strong>’</strong></span> <span class='ocrx_word' id='word_1_205' title='bbox 122 2535 223 2593; x_wconf 88' lang='lat' dir='ltr'><strong>XVlll.</strong></span> <span class='ocrx_word' id='word_1_206' title='bbox 242 2536 438 2599; x_wconf 84' lang='lat' dir='ltr'><strong>Necdefuere‚</strong></span> <span class='ocrx_word' id='word_1_207' title='bbox 451 2531 879 2605; x_wconf 80' lang='lat' dir='ltr'><strong>qrrierguerentrirosgrarita·</strong></span> <span class='ocrx_word' id='word_1_208' title='bbox 976 2571 979 2576; x_wconf 83' lang='lat'><em>.</em></span> 
     </span>
     <span class='ocr_line' id='line_1_36' title="bbox 69 2600 879 2673; baseline -0.005 -16"><span class='ocrx_word' id='word_1_209' title='bbox 69 2608 129 2659; x_wconf 90' lang='lat' dir='ltr'><strong>tem</strong></span> <span class='ocrx_word' id='word_1_210' title='bbox 141 2607 355 2670; x_wconf 71' lang='lat' dir='ltr'><strong>adseveranter,</strong></span> <span class='ocrx_word' id='word_1_211' title='bbox 383 2606 566 2673; x_wconf 81' lang='lat' dir='ltr'><strong>qooddomor,</strong></span> <span class='ocrx_word' id='word_1_212' title='bbox 593 2606 681 2668; x_wconf 67' lang='lat' dir='ltr'><strong>nilion</strong></span> <span class='ocrx_word' id='word_1_213' title='bbox 699 2604 730 2656; x_wconf 82' lang='lat' dir='ltr'><strong>id</strong></span> <span class='ocrx_word' id='word_1_214' title='bbox 737 2600 879 2670; x_wconf 75' lang='lat' dir='ltr'><strong>tsoepors&#39;a,</strong></span> 
     </span>
     <span class='ocr_line' id='line_1_37' title="bbox 70 2669 878 2801; baseline -0.009 -69"><span class='ocrx_word' id='word_1_215' title='bbox 70 2674 459 2801; x_wconf 50' lang='lat' dir='ltr'><strong>wssfflffiamdmmt’</strong></span> <span class='ocrx_word' id='word_1_216' title='bbox 493 2669 878 2797; x_wconf 59' lang='lat' dir='ltr'><strong>Abinecesgritatemadbibi</strong></span> 
     </span>
    </p>
   </div>
   <div class='ocr_carea' id='block_1_6' title="bbox 0 0 1031 3025">
    <p class='ocr_par' dir='ltr' id='par_1_7' title="bbox 0 0 1031 3025">
     <span class='ocr_line' id='line_1_38' title="bbox 0 0 1031 3025; baseline 0 0"><span class='ocrx_word' id='word_1_217' title='bbox 0 0 1031 3025; x_wconf 95' lang='lat' dir='ltr'><strong> </strong></span> 
     </span>
    </p>
   </div>
  </div>
 </body>
</html>
