2034 3025
13 163 15 171 ⁴
97 154 240 209 ΜΕΝ.
260 151 477 208 οΑΡ.48-50.
497 153 542 223 [Α.
552 155 586 204 V.
597 171 654 223 779.
673 153 813 226 A.C.26.]
832 157 885 212 169

74 251 172 328 plures
184 266 264 312 extra
275 260 445 326 palarentur,
455 267 535 310 tanto
545 257 768 322 infensiuscaesi,
778 269 883 330 quantu

71 330 248 402 perfirgaeet
259 329 427 397 proditores,
451 327 884 400 serrenrmundeuumputriu.

74 414 125 466 que
136 398 286 462 servitium,
304 400 510 449 incusabantur.

126 469 225 520 xbris
243 467 361 519 Postera
371 468 415 519 dis
427 467 546 518 Sabinus
556 469 709 517 exereitum
721 481 812 537 aequo
822 467 883 522 luen

72 539 212 599 ostendit,
239 539 263 587 i
274 538 398 598 barbari,
421 549 549 588 uecessu
559 537 650 587 noetis
659 535 780 600 alacres,
805 552 886 605 pros

70 607 143 659 lium
155 607 299 658 auderent.
337 612 366 657 et
379 611 524 673 postquam
536 604 653 656 castello
668 609 718 656 aut
728 607 886 659 coniunctis

71 677 190 729 tumulis
210 691 266 728 non
288 675 534 743 (ingrediebantur,
562 673 700 726 obsidium
720 679 815 743 eoepit
853 689 886 730 er

72 746 229 814 praesidia,
259 760 330 812 quaa
340 751 496 813 opportune
507 745 562 794 iam
573 744 730 795 muniebat:
751 744 816 797 (lein
828 691 885 798 izit·

71 831 134 868 sam
146 815 320 884 loricamque
330 822 489 876 contexens,
506 818 641 880 quattuor
651 813 740 866 millia
750 829 884 884 passuum

71 886 183 937 ambitu
192 884 334 950 amplexus
346 889 402 935 est:
420 890 478 934 tum
489 884 678 949 paullatim‚ut
686 875 785 952 lquarn
798 885 884 953 pabu-

71 953 188 1021 lumque
198 955 334 1020 eriperet,
362 952 527 1004 contrahere
538 951 675 1014 claustra,
704 959 766 1004 arta
786 956 885 1007 uenir-

70 1025 217 1076 unmdare:
247 1029 277 1075 et
285 1023 446 1075 struebatur
456 1037 555 1142 ngffier,
582 1021 749 1086 undesaxa,
767 969 883 1088 (bastae,

70 1095 154 1160 ignes
174 1096 356 1161 propinquum
376 1093 432 1144 iam
452 1093 481 1142 in
516 1096 605 1142 ostem
626 1094 791 1144 iacerentur,
817 1093 884 1151 ‚Seu

71 1160 254 1229 nihilaeque‚
275 1163 437 1230 quunrsitis,
456 1159 605 1228 fatigabat,
625 1175 687 1212 eum
703 1161 884 1283 inffensnrul·

73 1232 166 1282 titudo
177 1232 354 1296 bellatorum,
369 1230 534 1292 imbellium,
548 1245 605 1280 uun
614 1229 723 1298 reliquo
747 1239 814 1285 onte
823 1238 884 1285 nte·

73 1305 183 1351 rentur.
218 1299 307 1354 Simul
317 1301 391 1370 equi,
400 1307 535 1361 armenta,
545 1305 578 1350 ut
587 1314 646 1350 mus
656 1301 793 1365 barbaris,
803 1303 884 1354 iuxta

74 1367 183 1433 clausa,
201 1377 324 1438 egestate
334 1370 428 1438 pabuli
440 1371 605 1422 exanimari:
626 1369 754 1421 adiacere
764 1385 884 1440 corpora

72 1436 232 1505 bominum,
254 1440 459 1508 quosvulnara,
479 1452 550 1506 quos
560 1439 622 1488 sitis
632 1444 804 1503 peremerat:
823 1440 884 1507 pol·

70 1507 111 1561 lui
124 1516 225 1561 cunata
239 1514 331 1575 sanie,
362 1509 462 1572 odore,
492 1512 632 1558 contactu.
667 1505 816 1575 Rebusque
826 1515 883 1560 tur-

70 1578 146 1631 batis
166 1579 270 1631 mulum
285 1588 439 1633 extremum
456 1576 595 1629 discordia
604 1577 735 1639 accessit3
754 1576 798 1628 bis
808 1578 884 1630 ‹leeli-

69 1649 186 1712 tionem‚
196 1648 259 1699 aliis
269 1654 397 1712 mortem,
417 1653 446 1700 et
456 1652 568 1697 mutuos
578 1646 652 1696 inter
663 1659 694 1696 se
702 1647 775 1698 ictus
786 1662 883 1715 paran-

69 1718 156 1769 tibus.
193 1723 326 1781 sterant,
357 1714 596 1786 quinnnr'nultum
610 1713 741 1779 exitium,
768 1716 884 1770 sederu-

66 1785 191 1855 ptionem
201 1787 362 1853 suaderent,
381 1802 472 1857 neque
483 1783 628 1857 ignobiles,
644 1786 883 1855 quamvisdlversi

69 1858 227 1909 sententiis.
725 1874 729 1880 ·

124 1926 155 1977 L.
172 1926 279 1979 Verum
291 1940 306 1979 s
316 1926 439 1979 Ducibus
448 1926 539 1988 Dinis,
557 1928 703 1992 provectus
713 1932 834 1990 senem,
850 1936 882 1981 et

68 1993 221 2064 longousu
232 1997 286 2046 vim
302 2000 386 2065 atque
402 1996 577 2049 clementiam
589 1994 742 2047 Romanam
753 1996 880 2061 ednotus,

63 2064 194 2133 ponenda
205 2080 297 2128 arma,
315 2082 400 2117 unum
411 2064 532 2134 ueijlictis
541 2063 572 2115 ir
580 2064 741 2129 remedium,
762 2064 881 2119 dissere·

68 2132 127 2187 bat.
164 2132 329 2202 Primusque
348 2150 379 2187 sa
400 2150 463 2186 cum
482 2136 601 2203 coniuge
621 2139 650 2186 et
668 2133 764 2187 liberis
779 2137 879 2189 victori
986 2159 990 2165 ·

68 2204 211 2270 permisit:
233 2206 322 2256 secuti
334 2208 427 2256 aetate
437 2208 486 2256 aut
495 2218 564 2255 sexu
573 2203 719 2267 imbecilli,
740 2206 879 2273 siquibus

69 2272 164 2323 maior
173 2274 247 2325 vitae
259 2288 342 2341 quam
354 2274 461 2341 gloriae
476 2272 585 2339 cupido.
620 2274 657 2324 nt
670 2274 800 2325 iuventus
810 2276 880 2328 Tar·

67 2356 132 2393 sam
143 2341 218 2393 inter
233 2348 262 2393 et
271 2343 402 2394 Turesim
418 2341 634 2395 distrahebatur.
669 2344 781 2409 utrique
795 2344 881 2397 (lesti-

68 2415 181 2473 natum,
202 2425 264 2462 eum
275 2412 406 2465 libertate
417 2412 555 2464 occidere:
576 2411 627 2463 ret
636 2412 879 2480 Tarsapropernnt

61 2476 359 2551 strenuissimam
371 2481 479 2549 puriter
490 2496 551 2549 aper
561 2496 594 2533 uc
604 2488 706 2545 metus,
724 2480 880 2545 clamitans,
909 2532 913 2538 ,

63 2546 150 2601 'dedit
161 2549 327 2615 exemplum,
337 2550 458 2603 demisso
468 2552 496 2601 in
507 2549 607 2618 pectus
617 2548 704 2602 ferro.
723 2566 775 2602 nec
785 2547 881 2600 uetus·

68 2632 117 2682 ΓΘ,
145 2617 305 2687 (ιῑῑὶθῡᾱθιπ
320 2620 593 2689 nodaoppeterent.
629 2620 880 2670 'lbresissuaenm

17 2685 19 2689 ’
69 2701 157 2741 manu
171 2686 283 2741 noctem
297 2694 452 2761 opperitur,
481 2688 556 2741 baud
570 2688 667 2740 neseio
681 2686 761 2739 Duae
774 2687 880 2733 noenu.
