2034 3025
138 122 219 176 LlB.
229 121 470 179 lucana-A.
490 120 535 189 [A.
544 124 577 174 V.
587 126 682 177 azan
694 125 722 176 G.
734 123 787 191 7o.]
826 124 877 177 loo

7 237 11 290 ξ
75 224 148 275 vitiis
158 224 264 289 fratris,
281 226 311 276 in
320 225 481 291 Principatu
495 222 555 275 eius
565 226 736 291 vigilantior3
754 242 806 277 nec
816 242 878 292 pcr-

7 295 8 300 ’
73 293 140 345 inde
149 296 288 359 prosperis
297 295 400 357 socius,
419 308 499 360 quam
510 293 631 344 adversis
642 295 805 345 abstractus.

127 362 175 413 lii.
212 363 312 415 lisdem
323 363 420 414 diebus
429 362 554 414 Lucilius
564 362 676 423 Bassus,
695 376 756 415 cum
768 362 880 427 expedi·

74 436 106 482 to
124 432 232 497 equite,
250 431 285 483 ad
306 430 524 496 componendam
546 432 723 497 Campaniam
743 431 878 481 mittiturt

75 498 246 552 discordibus
256 500 466 565 municipiorum
478 501 585 561 animis,
603 502 690 566 magis
699 501 773 550 inter
783 504 880 563 semet,

74 583 158 635 quam
173 570 349 619 coutumacia
363 567 495 619 adsersus
509 568 674 635 Principem.
710 568 778 621 Viso
790 567 879 619 milite

75 639 168 704 quies:
188 641 217 685 et
231 637 382 687 minoribus
398 636 515 688 coloniis
530 638 679 703 inpunitas.
717 638 826 701 Capuae
840 635 880 687 le·

17 768 24 775 p
75 706 122 772 gio
136 706 221 755 tertia
239 702 379 756 hicnrandi
393 718 491 756 caussa
505 706 627 769 locatur,
647 712 675 757 et
688 704 786 757 domus
808 704 879 761 iulu-
937 767 939 773 ,

75 780 150 823 stres
159 772 301 836 adflictam
320 788 381 824 cum
398 780 496 825 eontra
510 776 725 843 Tarracinenses
740 772 816 824 nulla
827 786 879 839 ope

74 842 246 893 iuvarentur.
281 842 374 895 Tanto
385 844 533 909 proclivius
544 852 586 895 est
595 844 725 907 iniuriae,
744 857 823 911 quam
833 842 879 894 be·

27 920 36 928 ·
74 911 190 971 neiicio‚
206 912 292 966 ricem
307 912 464 963 exsolvere:
483 913 548 979 quia
560 916 650 979 gratia
665 914 752 976 oneri,
769 911 839 961 ultio
849 911 879 961 in

75 985 202 1046 quaestu,
212 977 330 1031 liabetur
376 980 486 1031 Solatio
496 980 550 1030 fuit
560 996 655 1031 servus
665 980 789 1047 Verginii
801 979 881 1045 Capi·

75 1049 179 1109 tonis„
197 1064 280 1114 quem
299 1048 467 1113 proditorem
487 1051 730 1100 Tarracinensium
752 1049 880 1111 diximus,

73 1116 202 1183 patibulo
219 1116 336 1176 adlisus,
354 1116 382 1167 in
401 1116 497 1167 iisdem
520 1118 643 1179 annulis,
661 1132 733 1184 quos
750 1120 880 1180 acceptos

73 1184 218 1237 oVitellio
228 1186 363 1252 gestabat.
399 1185 547 1237 Attianae
563 1184 680 1238 Senatus
696 1190 796 1237 curseto
805 1184 882 1235 Prin·

75 1254 181 1319 cipibus
190 1253 274 1304 solita
284 1254 458 1319 Vespasiano
468 1254 601 1317 decernit,
614 1256 705 1307 laetus
716 1259 744 1305 et
753 1254 811 1319 spei
822 1266 880 1303 oer-

73 1329 131 1373 tus.
165 1324 266 1389 quippe
276 1329 387 1389 sumpta
396 1338 447 1389 per
457 1324 563 1374 Gallias
575 1325 780 1389 Hispaniasque
790 1320 882 1371 civilia

74 1406 162 1451 arma,
172 1393 255 1440 motis
263 1391 299 1441 ad
310 1391 414 1443 bellum
426 1392 581 1455 Germanis,
600 1406 664 1443 mox
673 1390 797 1457 illyrico,
807 1393 882 1455 post·

75 1473 158 1526 quam
169 1459 338 1525 Aegyptum,
356 1460 486 1512 iudaeam
502 1460 667 1528 Syriamque
679 1464 707 1510 et
718 1458 806 1509 omnis
817 1470 880 1523 pro·
977 1468 983 1475 ·

74 1529 180 1579 vincias
190 1529 383 1595 exercitusque
399 1528 600 1593 lustraverant,
618 1529 695 1580 velut
705 1528 816 1594 expiato
827 1531 883 1577 ter·

75 1610 170 1648 rarum
191 1595 272 1659 orbe,
308 1599 415 1664 cepisse
434 1600 518 1649 tinem
536 1600 709 1651 ridebantur.
744 1593 882 1648 Addiderc

76 1665 251 1717 alacritatem
266 1665 430 1732 Vespasiani
445 1667 571 1731 litterae,
599 1673 738 1735 tamquam
754 1667 882 1716 nranentc
916 1717 923 1726 ,

75 1734 151 1787 bello
170 1735 299 1800 scriptae.
335 1750 368 1787 ea
386 1736 476 1801 prima
489 1736 693 1804 speciesorma:
712 1729 836 1789 cc'terum
850 1738 884 1783 ut
907 1771 910 1776 .

75 1803 208 1869 Princeps
218 1803 489 1871 loquebatur,cirilis
499 1807 533 1859 de
544 1823 574 1859 so
584 1813 612 1860 et
620 1806 794 1873 Reipublicae
805 1821 882 1873 egre·

75 1875 131 1940 gia.
167 1887 219 1923 nec
233 1873 353 1925 Senatus
362 1874 530 1942 *obsequium
546 1875 649 1931 deerat.
686 1877 741 1941 ipsi
753 1873 882 1926 Consula-

76 1951 122 1993 tus
130 1957 192 1993 cum
204 1939 348 2011 Tironis,
365 1942 509 1997 Praetura
523 1942 683 1999 Domitiano
696 1953 725 1996 et
735 1941 882 1998 Consulum

75 2008 219 2078 maram
228 2012 422 2064 decernuntur.

128 2079 176 2131 iV.
211 2079 329 2133 Miserat
345 2088 374 2134 et
384 2083 530 2136 Mucianus
546 2084 677 2150 epistolas
692 2083 726 2136 ad
737 2081 881 2144 Senatunr,

75 2162 146 2215 quae
156 2151 301 2200 materiam
312 2153 486 2205 sermonibus
495 2155 658 2221 praebuere:
678 2152 834 2220 siprivatos
844 2166 882 2202 es·

74 2224 126 2279 set,
144 2232 193 2268 cur
208 2217 314 2284 publice
332 2222 506 2286 loqueretur!
525 2222 648 2290 potuisse
666 2222 764 2282 eadem,
779 2234 881 2286 paucos

70 2293 136 2354 post
144 2283 209 2348 dies,
224 2289 282 2340 loco
290 2288 439 2342 rentmtiae
449 2289 511 2343 dees
547 2294 608 2357 ipsa
617 2305 725 2358 quoquc
734 2289 881 2340 insectatio
906 2312 911 2320 ·

72 2359 104 2407 in
114 2353 261 2408 Vitellium
269 2372 333 2410 sera
343 2363 371 2410 et
381 2359 439 2411 sins
450 2359 588 2412 libertate.
607 2359 640 2410 ld
651 2372 716 2410 voro
726 2369 792 2423 erga
801 2356 881 2410 ilem·

72 2422 214 2492 publicam
224 2427 381 2492 superbum,
399 2443 466 2494 erga
472 2427 628 2495 Principem
639 2425 880 2486 contumeliosum,

73 2491 158 2563 quod,
174 2491 205 2546 iu
219 2509 303 2546 nuno
317 2496 467 2569 censuisse
479 2495 626 2564 Imperium
639 2495 816 2560 donatamque
831 2490 880 2544 Ve-

72 2559 213 2628 ⁸1³³⁸⁸⁸⁹⁸¹⁸⁰s
229 2564 360 2616 iactabat
388 2568 516 2618 Ceterum
526 2564 666 2618 invidiain
677 2561 801 2623 occulto;
813 2560 879 2612 adu·
958 2586 960 2590 f

73 2630 145 2684 latio
154 2633 184 2711 in
194 2639 293 2702 aperto
307 2644 396 2688 erant.
431 2635 521 2688 multo
531 2649 594 2688 eum
609 2632 715 2686 honore
725 2631 877 2686 ,verborum
