2034 3025
73 127 815 201 L-XIILiii-12.[A.V.808.A.C.55.mammeam}
832 135 885 186 28b

71 249 129 291 eos
142 235 298 299 ducebant,
327 231 503 304 permissum.
540 235 630 302 Atque
640 235 682 286 illl
694 236 729 287 ob
740 245 885 290 recentem

76 306 215 376 moriam,
252 312 282 355 et
300 305 487 356 inclinatione
504 304 624 370 quadam
644 305 730 355 etiam
750 303 886 370 bostium,

76 374 266 428 Corbulonem
280 374 447 440 praetulere.
483 372 566 425 Vnde
582 373 725 425 discordia
738 374 816 425 inter
826 375 884 427 Du·

76 459 138 497 ces:
159 449 298 509 querente
309 442 459 504 meidio,
475 450 635 510 praerepta,
674 441 885 496 uoemircorui·

75 511 122 565 liis
128 510 313 578 patravisset.-
324 459 733 578 testantecontracorbuione,
743 511 885 580 sosprises

76 595 236 635 conantum
246 579 349 650 Regem
363 581 401 632 od
413 577 565 648 offerendos
581 579 697 646 obsides,
726 597 807 652 quom
817 582 884 650 ipse,

75 649 146 702 Dua
158 649 225 701 tello
236 649 362 713 delectur,
372 664 430 716 sper
440 648 497 700 eius
507 649 546 700 ad
552 659 651 703 nestum
660 660 788 704 mutaret.
799 651 884 714 Nero,

76 734 135 790 quo
147 724 330 786 componeret
345 719 488 781 diversos,
518 721 559 770 sio
578 721 705 788 evulgari
723 723 820 774 iussit:
842 715 883 774 Ob

75 804 131 851 res,
142 805 160 840 o
173 787 316 851 Quadrato
326 796 354 840 et
367 786 517 840 Corbulone
522 805 651 856 prospere
658 798 761 860 gestos,
776 793 885 844 laurum

70 857 201 936 formius
210 858 400 926 imperatoriis
410 856 482 912 orleii.
519 857 608 923 Quae,
625 859 655 910 ln
664 861 735 914 alios
747 861 884 916 Consules

77 942 207 996 egressa,
226 929 367 980 coniunxi.

131 997 166 1048 X.
185 996 293 1048 Eodem
313 1011 402 1061 anno,
433 997 538 1051 Caesar
557 997 678 1069 effigiem
699 997 747 1053 Cre.
761 996 885 1054 Domitio

72 1064 172 1136 patri,
194 1063 356 1118 Consularis
366 1067 487 1136 insignio
498 1068 614 1121 Asconio
622 1068 756 1134 Labeoni,
776 1085 831 1137 quo
842 1077 884 1122 tu·

76 1145 144 1188 tore
159 1151 227 1186 usus
244 1140 321 1199 erat,
351 1138 453 1203 petivit
467 1152 485 1188 a
495 1137 614 1190 Senator
644 1139 753 1206 sibique
769 1148 885 1202 statuar,

78 1213 196 1272 argento
206 1205 447 1269 oelourosolirlos,
477 1208 612 1258 adversus
629 1205 782 1259 offerentes
793 1207 886 1276 probi·

77 1275 151 1325 buit.
187 1275 233 1336 Et,
253 1289 419 1356 quamquam
430 1278 607 1328 censuissent
618 1277 726 1342 Patres,
745 1286 777 1328 ut
785 1275 886 1344 princi·

75 1341 156 1410 pium
175 1341 242 1394 onrei
260 1343 393 1410 inciperet
411 1360 497 1396 meme
517 1342 642 1396 Decerne.
658 1359 712 1413 quo
728 1352 807 1396 ortus
823 1353 886 1397 erat

81 1410 168 1474 Nero,
178 1417 303 1463 veterem
315 1413 483 1480 religionem
489 1414 680 1465 Kalendarum
692 1415 884 1465 lanuariarum

80 1480 241 1533 inchoando
253 1495 326 1535 amm
337 1484 464 1534 retinuit.
500 1481 598 1550 Neque
611 1484 721 1548 recepti
733 1487 799 1533 sunt
809 1483 886 1535 inter

80 1564 149 1605 reos
160 1552 276 1603 Carinas
289 1552 385 1616 Celer,
404 1548 540 1614 Senator,
560 1566 643 1603 servo
654 1557 816 1613 accusante,
836 1559 886 1604 aut

80 1618 309 1684 biliomenses,
329 1622 485 1691 Equester,
506 1618 641 1673 mufavor
650 1620 680 1671 in
690 1620 885 1674 Britannicum

80 1690 193 1741 crimini
203 1689 331 1741 dabatur.
865 1720 870 1729 1

138 1759 185 1810 Xl.
205 1758 320 1810 Claudio
340 1758 465 1824 Nerone,
484 1756 518 1811 L.
537 1758 661 1812 Antistio
681 1774 753 1813 coss.
773 1772 835 1810 cum
855 1760 887 1812 in

82 1832 147 1879 aeta
161 1826 319 1892 Principum
340 1828 468 1880 iurarent
481 1828 684 1897 Magistratus,
711 1828 742 1882 in
756 1844 807 1881 sau
821 1838 887 1883 actu

82 1894 888 1966 conlegomdntirtiurniuroreprobibuimmagnisl’atrum

80 1964 223 2028 laudibus,
235 1970 268 2016 ut
277 1967 407 2019 iuvenilis
418 1968 537 2030 animus,
555 1967 658 2019 levium
670 1984 725 2035 quo
745 1983 780 2019 ue
791 1983 888 2019 rerum

78 2035 177 2103 gloria
192 2034 334 2097 sublatus,
365 2036 486 2087 maiores
503 2038 693 2089 continuaret.
728 1983 887 2105 {acutoque

80 2104 188 2157 lenitas
198 2104 227 2153 in
239 2102 377 2155 Plautium
389 2104 577 2169 Lateranum,
607 2121 703 2175 quem,
733 2107 769 2157 ob
780 2106 887 2159 adulte·

81 2174 158 2227 tium
168 2172 351 2225 Messallinae
366 2174 464 2225 ordine
480 2180 634 2239 remotum,
663 2174 787 2227 reddidit
801 2174 888 2226 Sena·

81 2242 140 2305 tui,
172 2242 338 2295 clementium
348 2256 423 2294 ruam
435 2243 615 2311 obstringens
630 2245 737 2296 crebris
752 2244 889 2296 orationi·
921 2276 924 2283 -

80 2310 146 2373 buo,
167 2324 236 2377 quaa
248 2308 364 2373 Seneca,
380 2310 570 2377 testificando,
586 2328 669 2381 quam
678 2312 800 2364 honesta
808 2325 888 2378 prae-

82 2379 207 2500 eiplpret,
228 2379 274 2432 rel
292 2380 416 2433 iactandi
436 2382 557 2449 ingenii,
584 2398 653 2434 voce
671 2380 809 2449 Principis
828 2380 887 2433 vul·

102 2455 177 2499 aat.
791 2467 799 2478 ‘

80 2463 100 2518 g
133 2516 197 2569 ΧΗ.
209 2518 340 2571 Ceterum
351 2516 473 2571 infracta
483 2519 629 2587 paullatim
639 2516 887 2588 potentiamatris,

79 2587 198 2653 delapso
210 2586 323 2641 Nerone
334 2590 363 2637 in
374 2604 497 2641 amorem
509 2590 645 2651 libertae,
665 2589 709 2639 cui
720 2585 886 2647 vocabulum

80 2654 229 2729 Aetoluitx
259 2656 343 2708 simul
353 2656 509 2724 adsumptis
519 2658 549 2709 in
559 2656 761 2708 conscientiam
772 2650 886 2716 Othone
