2034 3025
135 130 179 213 ‘70
266 133 833 224 suuiusvu[A·v·7‹69·'t·0·¹⁶·]

143 230 953 329 ‚mm

90 387 92 391 ’
144 329 321 451 lamlillxvl.
338 397 377 449 Et
396 399 538 447 certamen
554 394 637 447 Gallo
656 368 790 449 adversus
805 363 953 449 ceesaretu

142 473 274 522 'exuimur
284 469 335 518 est„
345 476 409 516 nem
421 466 537 527 censuit,
547 463 576 515 in
587 463 795 532 quinquennium
805 464 954 533 magistra·

90 558 100 567 ·
146 546 223 589 tuum
238 534 348 588 comitia
363 532 500 586 iubenda:
518 541 601 600 utque
620 532 754 601 legionum
769 532 887 601 Legati,
905 536 955 602 qui

145 613 210 657 onte
225 612 389 672 praeturam
408 618 441 654 eo
460 600 570 653 militia'
578 600 786 672 fungebantur,
805 600 870 653 iarn
895 612 955 655 tum

145 674 295 727 Praetores
313 670 532 724 destinarentur:
550 670 684 737 Princeps
705 670 841 723 duodecim
861 672 955 725 cundi·

146 744 224 795 datos
241 741 271 793 in
290 756 373 794 annos
392 738 512 809 singulos
532 738 692 792 nominaret.
733 740 818 791 Haud
838 740 955 795 dubium

146 817 217 873 crat,
231 824 293 862 eum
303 810 470 866 sententium
481 808 566 860 altius
577 813 733 875 penetrare,
754 815 783 860 et
793 823 896 860 arcuna
906 811 958 861 iru-

83 904 85 908 ·
145 880 345 949 pes-iitentnri.
378 878 508 931 Tiberius
522 883 627 941 tanuen,
648 880 726 947 quasi
741 883 894 945 augeretur
910 894 958 945 pu·

147 950 312 1011 ecstaseos,
324 947 465 999 disseruit:
484 945 574 999 Grooe
585 946 764 1006 moderationi
773 963 847 1010 suae,
857 954 899 999 tot
909 946 959 999 stt·

115 1043 126 1051 ··
143 1034 224 1088 gere,
244 1024 287 1069 tot
301 1014 427 1085 defferre
441 1014 489 1067 oin
502 1030 555 1082 per
565 1014 686 1083 singulos
696 1032 780 1069 annos
791 1008 958 1083 offensiones

146 1086 247 1148 vitari,
276 1084 397 1154 quesnois
418 1086 555 1151 repulsum
576 1084 731 1153 propinquo
754 1099 813 1151 spes
838 1088 958 1138 soletur:

147 1164 279 1223 quantum
289 1154 345 1206 odii
350 1154 416 1224 fore
427 1154 461 1205 ui
471 1152 522 1216 Itis,
533 1152 580 1221 qui
590 1156 666 1205 ultra
673 1152 886 1235 quinquennium
892 1170 958 1222 pro-

138 1225 290 1288 ,tussam
308 1225 378 1276 unde
386 1221 507 1291 prospici
513 1234 604 1289 posse,
623 1238 797 1290 quaeeunque
808 1230 866 1275 turn
875 1226 957 1292 lorgo

148 1292 276 1359 temporis
286 1292 376 1359 spatio
386 1307 471 1355 mens,
485 1291 589 1353 domus,
604 1292 744 1363 fortuna?
761 1291 902 1358 superbire
912 1292 958 1345 do·

91 1374 93 1380 ·
141 1362 231 1422 ¹usines
251 1360 335 1413 etiarn
353 1376 446 1413 annuo
467 1359 668 1430 designatione:
686 1360 770 1428 quid?
786 1360 811 1412 si
829 1360 958 1415 honoreus

146 1446 197 1501 ριν
220 1428 430 1499 quinquennium
454 1429 582 1512 agitent!
608 1428 822 1499 quinquiplicari
843 1446 958 1498 proruis

98 1518 101 1522 ·
146 1500 340 1570 magistratus,
353 1498 474 1552 subverte
489 1501 572 1569 leges,
592 1516 661 1568 quae
671 1515 721 1552 suu
730 1498 823 1569 spotia
833 1515 958 1555 exuren-

88 1619 92 1624 .
148 1573 199 1622 doe
218 1570 426 1635 candidatorum
444 1567 597 1622 industriae
616 1569 828 1639 quaerendisque
841 1577 894 1623 cut
909 1585 960 1642 qro-

148 1640 252 1693 tiuuds‘s
261 1638 406 1693 honoribus
414 1638 574 1690 statuerint.
636 1688 643 1705 s
805 1691 817 1712 s

162 1707 168 1719 ⁴
202 1708 344 1763 XXXVll.
363 1704 522 1758 Favorabili
532 1709 561 1758 in
571 1707 691 1773 speciem
704 1707 832 1762 oratione
842 1709 898 1760 tim
908 1709 959 1760 im·

148 1779 328 1845 periitenuit.
352 1775 510 1841 Censusque
522 1775 696 1843 quorundam
706 1779 958 1832 senatorumiuril.

148 1861 204 1914 quo
214 1845 303 1914 magis
313 1845 415 1896 mirum
426 1841 489 1907 fuit,
505 1845 580 1912 quod
591 1859 687 1911 preces
697 1845 736 1898 M.
746 1845 870 1912 Hortuli,
881 1847 961 1900 uobi-

64 1968 75 1984 Χ
148 1915 184 1966 lis
194 1916 315 1977 iuvenis,
333 1915 362 1964 in
372 1919 538 1980 paupertate
549 1914 705 1980 nssniiestu,
724 1917 872 1984 superbius
882 1931 961 1970 acoe-

63 2011 70 2017 -
148 1987 245 2052 uisset
280 1982 373 2050 Nepos
384 1986 576 2035 eratoratoris
587 1985 746 2049 Hortensii,
765 1985 959 2040 inlectussn.

148 2056 274 2121 Augusto
284 2051 454 2105 liberalitate
464 2052 557 2105 decies
568 2055 700 2118 sestertii,
716 2055 818 2109 ducere
828 2069 958 2120 uxorem,

149 2125 292 2192 suscipere
301 2122 421 2184 liberos,
434 2126 477 2173 'ne
486 2122 644 2182 clarissima
652 2122 758 2176 familis
769 2126 963 2193 exstinguere·

150 2203 207 2244 tur.
241 2192 346 2260 Igitur,
364 2197 486 2258 quatuor
494 2190 560 2242 liliis
570 2197 636 2244 ants
646 2192 731 2244 limen
742 2195 836 2247 curiae
845 2194 962 2247 adsuu-

150 2263 235 2325 tlbus,
245 2261 308 2314 loco
319 2260 484 2324 sententiae,
495 2275 581 2328 quum
592 2261 620 2311 in
631 2261 735 2328 palatio
746 2261 865 2316 Senatus
877 2261 965 2317 habe·

150 2339 238 2394 retur,
247 2329 481 2382 modoHorteusii
490 2330 697 2382 interemtores
706 2335 790 2384 situm
799 2332 963 2400 imaginem,

150 2399 235 2451 modo
245 2399 364 2467 Augusti
379 2399 499 2462 intuens,
520 2397 555 2450 ad
570 2399 642 2452 huuc
656 2401 770 2452 modum
779 2403 883 2469 coepit:
902 2401 965 2455 Pss-

152 2477 208 2520 tres
218 2466 372 2534 conscripti,
382 2464 439 2528 isos,
453 2482 567 2534 quorum
576 2485 716 2521 numerum
726 2479 755 2523 et
761 2471 913 2538 pueritiam
922 2471 965 2523 si·

152 2537 288 2595 detinuere
302 2543 396 2604 sponte
409 2536 522 2598 sustuli,
541 2538 589 2588 sed
601 2537 666 2605 quia
676 2537 810 2608 Princeps
820 2539 965 2593 monebat.-

150 2605 233 2658 siusul
251 2605 365 2658 nsaiores
385 2603 438 2656 mei
456 2614 621 2668 meruerant,
641 2615 673 2658 ut
684 2617 805 2674 posteros
820 2607 966 2662 iuberent.

152 2690 215 2728 nuru
225 2692 289 2745 ego,
307 2672 355 2744 qui
364 2688 417 2727 uon
422 2665 577 2740 pecuniam,
596 2690 649 2732 non
659 2677 750 2730 studia
757 2676 862 2748 populi,
876 2695 968 2748 neque
