2034 3025
168 100 217 154 ιη
260 92 565 150 msronisavm
584 83 878 157 [naastan]

164 203 298 269 imagines
309 197 454 256 invadunt,
466 199 506 253 et,
519 190 612 257 paucis
624 188 811 239 resistentium
824 186 982 235 obtrunca·

164 275 209 334 tis,
220 276 342 321 ceterum
351 266 458 332 vulgus,
469 275 561 312 rerum
573 272 707 308 novarum
718 256 820 315 studio,
832 254 861 303 in
874 254 982 321 Vespa·

165 343 273 391 sianum
284 336 443 389 inclinabat.
479 332 552 379 Tum
563 340 725 393 progressus
741 324 868 376 Lucilius
881 331 981 375 aucto·

166 408 275 461 remae
295 405 384 472 palam
406 401 528 468 praebet.
566 393 830 447 classisCorneliuni
852 392 982 443 Fuscum

165 477 342 529 Praefectum
362 473 413 523 sibi
433 470 568 528 destinat,
597 466 642 531 qui
664 477 780 529 propere
802 460 982 513 adcucurrit.

164 548 270 599 Bassus
280 544 417 595 honorata
432 536 557 589 custodia
572 534 728 585 Liburnicis
745 532 860 583 naribus
874 532 983 582 Hadri·

166 632 210 667 sni
223 619 376 681 pervectus,
395 626 412 661 a
421 605 567 658 Praefecto
579 603 640 653 alae
650 602 763 652 Mennis
775 600 889 662 Rutino,
902 616 983 666 prae·

166 686 266 736 sidium
278 680 483 745 illicagitante,
503 674 632 724 vincitur.
670 669 724 721 Sed
739 668 870 721 exsoluta
882 672 982 721 statim

167 752 286 813 vincula,
303 752 461 800 interventu
471 742 580 803 Hormi,
598 741 722 792 Caesaris
733 739 836 790 liberti.
876 740 903 789 is
915 754 981 807 quo

73 832 76 835 ’
112 812 118 815 ’
168 838 222 890 que
232 823 306 871 inter
316 818 408 869 Duces
419 814 581 866 habebatur.

219 958 295 1009 Xlll.
331 958 367 1008 At
378 956 502 1016 Caecina,
513 951 667 1003 defectione
678 948 772 999 classis
782 944 914 1013 vulgata,
927 951 980 1014 pri-

167 1042 259 1079 mores
279 1026 479 1080 centurionum
498 1026 528 1075 et
547 1034 649 1087 paucos
669 1017 795 1077 militum,
807 1018 915 1068 ceteris
932 1032 979 1083 per

167 1096 283 1147 militiae
294 1110 410 1147 munera
420 1090 560 1159 dispersis,
571 1090 722 1140 secretiora
733 1091 892 1151 castrorum
905 1086 979 1138 adse·

168 1171 255 1227 etans,
265 1167 293 1214 in
303 1164 439 1231 principia
448 1166 536 1211 vocat.
572 1158 613 1208 lbi
630 1153 786 1221 Vespasiani
795 1154 933 1205 virtatem
944 1155 979 1206 ri·

167 1250 261 1302 resque
269 1233 393 1301 partiam
403 1229 527 1283 extollit:
548 1224 733 1345 transfugisse
746 1223 874 1275 classem:
895 1222 926 1275 in
937 1242 978 1276 ar-

167 1312 409 1355 ctaeornnreatam:
427 1299 555 1350 adversat
576 1296 619 1347 Ga
631 1294 681 1345 lias
701 1290 921 1357 Hispaniasque:
941 1294 980 1345 ni·
1014 1306 1015 1319 ¹

168 1372 245 1438 iilia
255 1370 427 1441 arbefidam:
438 1375 521 1435 atque
532 1365 624 1417 omnia
634 1362 667 1413 de
679 1360 790 1412 Vitellio
800 1363 829 1410 in
841 1360 979 1412 deterius.

88 1446 98 1510 f
168 1444 238 1495 Mox
252 1440 459 1506 incipientibus,
481 1437 528 1503 qui
540 1433 640 1495 conscii
653 1430 781 1493 aderant,
802 1434 927 1491 ceteros,
949 1447 978 1482 oe

169 1527 240 1563 nora
255 1512 410 1571 adtonitos,
434 1506 562 1562 inscribo
576 1501 742 1566 Vespasiani
758 1499 854 1566 adigit.
895 1500 979 1552 simul

168 1581 277 1634 Vitellii
286 1581 419 1646 imagines
430 1576 570 1640 dereptae,
583 1578 611 1622 et
622 1570 707 1631 missi,
718 1571 764 1637 qui
775 1570 898 1622 Antonio
911 1587 979 1621 nun·

170 1651 279 1702 tierent.
291 1684 294 1691 ψ
316 1649 386 1711 Sed,
404 1647 452 1696 ubi
461 1647 529 1695 totis
541 1641 638 1694 castris
652 1641 680 1689 in
693 1637 766 1689 fama
776 1638 916 1703 proditio,
937 1656 979 1690 re·

140 1776 142 1779 ¹
169 1734 283 1770 currens
292 1719 320 1767 in
331 1717 467 1782 principia
482 1713 575 1772 miles,
595 1709 795 1774 praescriptum
810 1705 981 1772 Vespasiani

170 1803 279 1844 nornen,
298 1788 436 1851 proiectas
456 1780 564 1834 Vitellii
585 1778 690 1842 effigies
711 1776 845 1840 adspexit,
868 1783 980 1828 vastum

168 1859 259 1923 primo
270 1854 426 1914 silentium,
447 1865 513 1900 mox
524 1852 624 1898 cuncta
639 1845 722 1894 simul
732 1851 895 1910 erumpunt:
915 1845 982 1898 Hac

169 1924 294 1975 cecidisse
307 1917 462 1974 Germanici
472 1914 606 1968 exercitas
613 1911 739 1982 gloriam,
757 1921 789 1964 at
798 1913 854 1966 sine
861 1917 983 1980 proelio,

169 1993 226 2044 sine
236 1994 358 2053 vnlnere,
372 1989 477 2041 vinctas
490 1998 585 2036 manas
600 1989 627 2033 et
637 1990 717 2049 capta
728 1981 870 2034 traderent
880 1988 985 2036 arata?

170 2059 260 2123 (Quas
271 2059 340 2113 enim
352 2075 386 2109 ea
396 2056 498 2107 diversa
509 2050 644 2120 legionesi
661 2065 751 2116 nernpe
761 2049 855 2102 victas.
895 2061 926 2103 et
939 2056 985 2106 ab.

170 2144 224 2182 esse
234 2127 343 2180 anisam
350 2122 500 2176 Othoniani
507 2118 641 2172 exercitas
651 2119 742 2188 robur,
745 2118 886 2186 primanos
898 2138 985 2188 quar.

164 2197 416 2260 tadecintanosqae:
434 2206 498 2258 quos
508 2187 702 2251 tamea,iisdern
712 2187 767 2267 illp‘s
776 2188 889 2256 campis,
895 2191 984 2262 finde.
1014 2247 1015 2250 Ἴ

130 2294 143 2304 2
170 2267 229 2323 rint
246 2264 458 2328 straverintqae)
475 2268 508 2311 at
527 2267 694 2309 arietatorum
709 2256 803 2320 mallia,
823 2260 898 2321 seirat
905 2278 985 2329 grex
1014 2263 1015 2320 l

171 2337 313 2398 uenalium,
332 2331 419 2384 exsali
432 2327 551 2382 Antonia
567 2327 663 2378 donrnn
679 2324 818 2376 darentur.
857 2324 934 2380 Oeta
946 2333 986 2384 ηε.
1014 2327 1015 2358 f

124 2451 150 2466 .-
170 2405 270 2464 rrtt'ram
288 2401 404 2469 legiones
423 2397 503 2449 anias
522 2394 614 2446 elassis
633 2394 807 2446 accessionem
821 2395 898 2467 fore.
953 2401 988 2452 ld
1014 2393 1015 2400 ’

122 2506 125 2510 -
171 2470 272 2533 Bassa,
290 2470 320 2520 id
335 2468 467 2519 Caecinae
481 2465 581 2515 maara:
595 2471 740 2530 postquam
756 2462 855 2526 darnae,
874 2465 985 2534 tortas,

172 2556 233 2604 apes
243 2536 371 2603 Principi
384 2531 555 2593 abstulerint,
573 2531 655 2582 etiarn
669 2530 796 2598 Principii
809 2534 926 2604 auferii
935 2538 988 2590 mi·
1014 2525 1015 2528 Ἴ

171 2607 254 2660 litem.
289 2605 410 2674 integras
420 2602 633 2664 incruentaeque,
640 2599 642 2604 '
649 2597 789 2651 Flavianis
800 2615 906 2668 qaoque
912 2622 977 2674 pa,-
