2034 3025
27 141 31 144 ’
112 138 191 197 nra.
201 142 266 196 xv.
282 139 365 205 ear„
375 129 498 193 ass-rr.
516 138 562 208 [a
573 140 673 211 naq.
691 138 723 192 A.
735 143 764 194 c.
775 143 828 211 ea]
848 143 900 199 aas

93 249 168 299 riam
178 248 349 311 relinquunt.
385 247 550 297 Accesserat
569 261 671 312 repens
692 263 806 313 caussa,
824 246 900 319 qued

92 316 230 370 Vestinus
256 315 397 366 Statiliam
415 314 610 365 Messallinam
637 317 815 370 matrimonio
844 321 900 371 sibi

91 386 241 447 iunxerat,
261 383 335 437 haud
345 384 467 447 nescius,
481 384 557 437 inter
568 384 713 443 adulteros
724 387 783 439 eius
795 393 825 440 et
834 389 901 441 Cae·

95 470 190 507 sarem
201 470 273 506 esse.

42 532 44 539 '
147 523 247 577 LXlX.
264 523 365 592 Igitur,
380 538 437 574 nen
447 524 578 586 crimine,
597 540 654 575 nen
666 524 832 579 adcusatnre
843 530 901 579 exi-

95 598 204 656 stente,
214 594 283 661 quia
292 593 416 659 speeiem
426 591 525 645 iudicis
535 592 652 646 induere
664 611 720 646 nnn
731 601 853 663 peterat,
865 597 902 648 ad
926 612 931 623 ·

94 664 153 714 rim
163 663 366 714 dominationis
378 675 542 727 conversus,
564 663 734 716 Gerelanum
745 667 901 718 Tribunum

96 747 161 785 cum
172 730 291 784 eohorte
302 730 425 781 militum
440 733 573 784 inmittit:
593 735 727 801 iubetque
742 734 902 801 praeuenire
960 780 963 789 „

97 810 213 855 cenatur
227 799 357 860 Constitit,
373 816 503 867 occupare
514 805 587 854 uelut
595 820 685 855 urcem
695 804 761 868 eiua,
773 806 903 875 opprime·

97 889 130 924 re
145 872 275 923 delectam
293 870 474 923 iuventutem.-
492 872 709 939 quia.Vestinus
719 876 902 927 'inminentes

97 940 163 993 foro
174 941 259 991 aedes
276 940 431 1007 decoraque
451 944 568 993 servitia
584 948 613 992 et
628 943 689 1008 pari
704 950 799 997 aetate
819 943 904 996 habe·
964 985 966 988 .

97 1010 156 1063 bat
193 1012 300 1061 Cuncta
314 1024 348 1060 ee
365 1009 410 1059 die
425 1011 521 1059 munia
531 1012 661 1062 Consulis
675 1013 830 1080 inpleverat
841 1027 904 1065 ron·

97 1080 258 1147 viriumque
268 1079 440 1141 celebrabat,
451 1077 521 1129 nihil
531 1085 669 1143 metuens,
681 1096 716 1131 an
727 1081 904 1144 dissimulari·
1001 1088 1002 1091 ’

99 1149 137 1201 do
148 1154 237 1200 metu:
256 1164 318 1200 cum
334 1149 455 1215 ingressi
466 1148 586 1207 milites,
604 1149 696 1201 vocari
706 1166 766 1201 eum
776 1168 793 1203 u
807 1150 905 1203 Tribu-

98 1235 144 1281 πο,
155 1218 262 1269 dixere.
280 1218 342 1283 llle,
353 1216 424 1267 nihil
433 1212 606 1281 demoratus,
619 1221 756 1287 exsurgit.
772 1226 801 1271 et
812 1222 906 1273 omnia

99 1288 184 1353 simul
198 1293 398 1355 properantur:
416 1286 556 1346 clauditur
570 1289 713 1351 cubiculo,
723 1296 843 1408 praesto
861 1296 907 1342 est

99 1357 235 1420 medicus,
256 1356 459 1409 abscinduntur
471 1372 571 1418 venae,
591 1359 690 1425 vigens
705 1372 722 1407 a
742 1357 794 1409 hue
803 1360 905 1411 balneo

98 1425 233 1489 infertur,
244 1426 334 1477 calida
343 1440 416 1493 aqua
426 1430 575 1487 mersatur,
587 1427 665 1477 nulla
675 1426 751 1477 edita
761 1443 841 1490 rece,
851 1443 915 1495 qua

101 1503 194 1549 semet
208 1498 403 1548 misereretur.
443 1494 614 1546 circumdati
634 1496 748 1546 interim
766 1496 907 1560 custodia,

102 1568 152 1635 qui
171 1567 255 1618 simul
274 1567 487 1627 discubuerant,
508 1579 567 1630 nee,
587 1566 643 1619 nisi
663 1571 795 1631 proveeta
812 1571 904 1628 noete,

102 1637 288 1699 omissisunt,
307 1640 456 1702 postquam
474 1649 607 1700 pavorem
627 1649 734 1699 eoru-m,
755 1649 790 1686 ex
809 1649 908 1688 mensa

102 1707 222 1757 exitium
242 1707 462 1773 opperientium,
492 1709 522 1755 et
541 1705 711 1772 imaginatus
733 1711 762 1756 et
781 1704 907 1756 inridens

101 1775 189 1838 Nero,
207 1773 276 1826 tatia
285 1772 412 1843 supplicii
425 1770 506 1826 luisse
512 1809 521 1838 ,
541 1774 595 1838 ait,
610 1790 663 1842 pre
680 1774 766 1842 epulis
780 1772 909 1828 Consula-

60 1868 65 1883 =
101 1844 187 1898 ribus.
395 1870 397 1874 v
531 1895 534 1900 ,
686 1857 687 1862 ’
808 1877 812 1883 -
945 1850 948 1854 '

154 1913 240 1966 Lxx.
259 1914 332 1966 Exin
347 1914 387 1966 M.
395 1913 504 1966 Annaei
519 1911 627 1966 Luceni
647 1913 761 1967 caedem
778 1917 908 1983 imperat.

100 1985 140 2048 Is,
151 1983 310 2051 profluente
321 1985 467 2052 sanguine,
477 1985 525 2036 ubi
536 1983 691 2052 frigescere
701 1986 787 2052 pedes
798 1998 909 2038 manus-

104 2069 159 2121 que
171 2058 201 2105 et
210 2053 355 2122 paullatim
365 2055 401 2104 ab
412 2056 546 2105 extremis
558 2055 659 2108 cedere
669 2057 808 2126 spiritum,
823 2055 908 2107 fervi·

104 2124 141 2176 do
156 2121 247 2174 adhue
261 2127 290 2174 et
305 2128 434 2190 compote
451 2125 555 2175 mentis
571 2130 699 2191 pectore,
719 2127 911 2193 intelligitre·

103 2193 238 2245 eerdatus
248 2206 361 2244 carmen
371 2207 428 2242 ase
444 2195 643 2260 compositum,
661 2210 716 2262 que
732 2195 918 2247 vulneratum.
933 2223 934 2230 κ

103 2263 237 2324 militem,
255 2276 307 2329 per
318 2261 454 2313 eiusmodi
464 2263 565 2313 mortis
575 2263 726 2330 imaginem
738 2265 842 2316 ebiisse
853 2268 910 2314 tra·

105 2331 231 2392 diderat,
240 2346 340 2392 versus
350 2331 426 2398 ipsos
437 2331 548 2383 retulit:
564 2346 651 2397 eaque
662 2333 705 2383 illi
716 2329 846 2400 suprema
855 2346 911 2384 vox

103 2401 169 2454 fuit·
205 2397 458 2466 Senecio-posthae
472 2406 501 2451 et
518 2401 703 2462 Quinetianus
721 2407 750 2453 et
765 2401 909 2462 Scerinus,

103 2485 162 2522 nun
173 2484 209 2520 ex
219 2471 314 2537 priore
323 2471 399 2520 ritae
409 2469 543 2533 mollitia,
563 2485 628 2522 mox
639 2471 742 2537 reliqui
752 2471 910 2524 coniuratu-

102 2552 166 2592 rum
176 2539 299 2605 periere,
310 2538 387 2589 nullo
398 2537 473 2590 factu
484 2538 595 2591 dicture
605 2539 796 2591 memorando.

156 2607 256 2658 LXXI.
274 2605 330 2658 Sed
341 2609 474 2674 compleri
484 2609 600 2660 interim
610 2610 677 2661 urbs
687 2607 833 2661 funeribus
839 2643 847 2671 ‚
867 2621 917 2659 (ra-1
1010 2659 1013 2668 ,

103 2676 382 2760 ρίῒοϋιιωνίοῐίιιιὶες
401 2677 473 2731 alius
483 2677 554 2745 filie,
572 2677 663 2732 tratre
677 2677 763 2744 alius,
779 2682 829 2759 aut
843 2689 918 2747 prou
951 2675 953 2684 ‘
