<?xml version="1.0" encoding="UTF-8"?>
<!DOCTYPE html PUBLIC "-//W3C//DTD XHTML 1.0 Transitional//EN"
    "http://www.w3.org/TR/xhtml1/DTD/xhtml1-transitional.dtd">
<html xmlns="http://www.w3.org/1999/xhtml" xml:lang="en" lang="en">
 <head>
  <title>
</title>
<meta http-equiv="Content-Type" content="text/html;charset=utf-8" />
  <meta name='ocr-system' content='tesseract 3.04.00' />
  <meta name='ocr-capabilities' content='ocr_page ocr_carea ocr_par ocr_line ocrx_word'/>
</head>
<body>
  <div class='ocr_page' id='page_1' title='image "./ccorneliitaciti00socigoog/ccorneliitaciti00socigoog_0303.png"; bbox 0 0 2034 3025; ppageno 0'>
   <div class='ocr_carea' id='block_1_1' title="bbox 51 99 903 176">
    <p class='ocr_par' dir='ltr' id='par_1_1' title="bbox 51 99 903 176">
     <span class='ocr_line' id='line_1_1' title="bbox 51 99 903 176; baseline -0.002 -12"><span class='ocrx_word' id='word_1_1' title='bbox 51 166 56 174; x_wconf 74' lang='grc'><em>,</em></span> <span class='ocrx_word' id='word_1_2' title='bbox 149 109 204 164; x_wconf 76' lang='lat' dir='ltr'>ese</span> <span class='ocrx_word' id='word_1_3' title='bbox 276 106 830 176; x_wconf 62' lang='lat' dir='ltr'>annnnrvm[cananeae]</span> <span class='ocrx_word' id='word_1_4' title='bbox 874 99 903 162; x_wconf 83' lang='grc'>.“</span> 
     </span>
    </p>
   </div>
   <div class='ocr_carea' id='block_1_2' title="bbox 73 187 954 486">
    <p class='ocr_par' dir='ltr' id='par_1_2' title="bbox 127 187 951 211">
     <span class='ocr_line' id='line_1_2' title="bbox 127 187 951 211; baseline -0.01 0"><span class='ocrx_word' id='word_1_5' title='bbox 127 205 131 211; x_wconf 96' lang='grc'>.</span> <span class='ocrx_word' id='word_1_6' title='bbox 149 187 951 210; x_wconf 44' lang='grc' dir='ltr'>μιῇ-Μ</span> 
     </span>
    </p>

    <p class='ocr_par' dir='ltr' id='par_1_3' title="bbox 152 212 954 280">
     <span class='ocr_line' id='line_1_3' title="bbox 152 212 954 280; baseline -0.002 -14"><span class='ocrx_word' id='word_1_7' title='bbox 152 220 183 266; x_wconf 85' lang='lat' dir='ltr'>et</span> <span class='ocrx_word' id='word_1_8' title='bbox 194 213 308 264; x_wconf 87' lang='lat' dir='ltr'>Claudio</span> <span class='ocrx_word' id='word_1_9' title='bbox 319 213 488 275; x_wconf 82' lang='lat' dir='ltr'>Senecione,</span> <span class='ocrx_word' id='word_1_10' title='bbox 513 212 733 264; x_wconf 81' lang='lat' dir='ltr'>adolescentulis</span> <span class='ocrx_word' id='word_1_11' title='bbox 741 213 864 273; x_wconf 84' lang='lat' dir='ltr'>decoris:</span> <span class='ocrx_word' id='word_1_12' title='bbox 885 228 954 280; x_wconf 90' lang='lat' dir='ltr'>quo·</span> 
     </span>
    </p>

    <p class='ocr_par' dir='ltr' id='par_1_4' title="bbox 73 278 953 486">
     <span class='ocr_line' id='line_1_4' title="bbox 73 278 953 347; baseline -0.003 -13"><span class='ocrx_word' id='word_1_13' title='bbox 73 313 77 322; x_wconf 54' lang='grc' dir='ltr'><em>ι</em></span> <span class='ocrx_word' id='word_1_14' title='bbox 150 297 212 334; x_wconf 82' lang='lat' dir='ltr'>mna</span> <span class='ocrx_word' id='word_1_15' title='bbox 224 281 298 347; x_wconf 88' lang='lat' dir='ltr'>Otbp</span> <span class='ocrx_word' id='word_1_16' title='bbox 310 281 417 334; x_wconf 86' lang='lat' dir='ltr'>familia</span> <span class='ocrx_word' id='word_1_17' title='bbox 428 282 573 332; x_wconf 77' lang='lat' dir='ltr'>consulari</span> <span class='ocrx_word' id='word_1_18' title='bbox 579 318 589 344; x_wconf 90' lang='lat'>,</span> <span class='ocrx_word' id='word_1_19' title='bbox 608 278 726 331; x_wconf 84' lang='lat' dir='ltr'><strong>Senecio</strong></span> <span class='ocrx_word' id='word_1_20' title='bbox 736 281 840 332; x_wconf 85' lang='lat' dir='ltr'>liberto</span> <span class='ocrx_word' id='word_1_21' title='bbox 851 282 953 332; x_wconf 85' lang='lat' dir='ltr'>Caesa-</span> 
     </span>
     <span class='ocr_line' id='line_1_5' title="bbox 150 347 953 418; baseline -0.004 -16"><span class='ocrx_word' id='word_1_22' title='bbox 150 352 191 402; x_wconf 85' lang='lat' dir='ltr'>ris</span> <span class='ocrx_word' id='word_1_23' title='bbox 200 357 280 416; x_wconf 87' lang='lat' dir='ltr'>patre</span> <span class='ocrx_word' id='word_1_24' title='bbox 290 353 419 418; x_wconf 79' lang='lat' dir='ltr'>genitus,</span> <span class='ocrx_word' id='word_1_25' title='bbox 444 351 545 415; x_wconf 88' lang='lat' dir='ltr'>ignara</span> <span class='ocrx_word' id='word_1_26' title='bbox 554 355 659 410; x_wconf 89' lang='lat' dir='ltr'>matre,</span> <span class='ocrx_word' id='word_1_27' title='bbox 678 349 743 398; x_wconf 87' lang='lat' dir='ltr'>dein</span> <span class='ocrx_word' id='word_1_28' title='bbox 754 347 864 400; x_wconf 79' lang='lat' dir='ltr'>frustra</span> <span class='ocrx_word' id='word_1_29' title='bbox 874 350 953 400; x_wconf 91' lang='lat' dir='ltr'>obni-</span> 
     </span>
     <span class='ocr_line' id='line_1_6' title="bbox 152 418 952 486; baseline -0.003 -15"><span class='ocrx_word' id='word_1_30' title='bbox 152 425 233 471; x_wconf 85' lang='lat' dir='ltr'>tente</span> <span class='ocrx_word' id='word_1_31' title='bbox 240 455 253 482; x_wconf 92' lang='lat'>,.</span> <span class='ocrx_word' id='word_1_32' title='bbox 269 421 381 486; x_wconf 87' lang='lat' dir='ltr'>penitus</span> <span class='ocrx_word' id='word_1_33' title='bbox 392 419 551 482; x_wconf 76' lang='lat' dir='ltr'>inrepserat</span> <span class='ocrx_word' id='word_1_34' title='bbox 561 433 612 485; x_wconf 89' lang='lat' dir='ltr'>per</span> <span class='ocrx_word' id='word_1_35' title='bbox 621 418 716 469; x_wconf 82' lang='lat' dir='ltr'>luxum</span> <span class='ocrx_word' id='word_1_36' title='bbox 729 422 759 468; x_wconf 89' lang='lat' dir='ltr'>et</span> <span class='ocrx_word' id='word_1_37' title='bbox 767 419 899 484; x_wconf 80' lang='lat' dir='ltr'>ambigua</span> <span class='ocrx_word' id='word_1_38' title='bbox 908 434 952 469; x_wconf 82' lang='lat' dir='ltr'>se·</span> 
     </span>
    </p>
   </div>
   <div class='ocr_carea' id='block_1_3' title="bbox 30 485 951 620">
    <p class='ocr_par' dir='ltr' id='par_1_5' title="bbox 30 485 951 620">
     <span class='ocr_line' id='line_1_7' title="bbox 30 485 951 554; baseline -0.002 -15"><span class='ocrx_word' id='word_1_39' title='bbox 30 496 38 518; x_wconf 86' lang='lat'><strong><em>¹</em></strong></span> <span class='ocrx_word' id='word_1_40' title='bbox 67 531 72 538; x_wconf 87' lang='grc'>.</span> <span class='ocrx_word' id='word_1_41' title='bbox 153 495 241 539; x_wconf 86' lang='lat' dir='ltr'>creta:</span> <span class='ocrx_word' id='word_1_42' title='bbox 273 503 308 538; x_wconf 88' lang='lat' dir='ltr'>ne</span> <span class='ocrx_word' id='word_1_43' title='bbox 324 488 511 538; x_wconf 76' lang='lat' dir='ltr'>severioribus</span> <span class='ocrx_word' id='word_1_44' title='bbox 526 486 638 554; x_wconf 88' lang='lat' dir='ltr'>quidem</span> <span class='ocrx_word' id='word_1_45' title='bbox 649 485 890 550; x_wconf 81' lang='lat' dir='ltr'>Principisamicis</span> <span class='ocrx_word' id='word_1_46' title='bbox 903 486 951 537; x_wconf 87' lang='lat' dir='ltr'>ad-</span> 
     </span>
     <span class='ocr_line' id='line_1_8' title="bbox 53 554 950 620; baseline -0.003 -11"><span class='ocrx_word' id='word_1_47' title='bbox 53 575 64 614; x_wconf 64' lang='lat' dir='ltr'>st</span> <span class='ocrx_word' id='word_1_48' title='bbox 152 555 345 617; x_wconf 82' lang='lat' dir='ltr'>versantibus,</span> <span class='ocrx_word' id='word_1_49' title='bbox 374 556 551 618; x_wconf 85' lang='lat' dir='ltr'>muliercula,</span> <span class='ocrx_word' id='word_1_50' title='bbox 581 554 657 606; x_wconf 87' lang='lat' dir='ltr'>nulla</span> <span class='ocrx_word' id='word_1_51' title='bbox 666 556 825 620; x_wconf 85' lang='lat' dir='ltr'>cuiusquam</span> <span class='ocrx_word' id='word_1_52' title='bbox 835 556 950 617; x_wconf 88' lang='lat' dir='ltr'>iniuria,</span> 
     </span>
    </p>
   </div>
   <div class='ocr_carea' id='block_1_4' title="bbox 153 622 950 690">
    <p class='ocr_par' dir='ltr' id='par_1_6' title="bbox 153 622 950 690">
     <span class='ocr_line' id='line_1_9' title="bbox 153 622 950 690; baseline -0.004 -14"><span class='ocrx_word' id='word_1_53' title='bbox 153 624 296 690; x_wconf 87' lang='lat' dir='ltr'>cupidines</span> <span class='ocrx_word' id='word_1_54' title='bbox 302 624 440 689; x_wconf 87' lang='lat' dir='ltr'>Principis</span> <span class='ocrx_word' id='word_1_55' title='bbox 449 625 593 689; x_wconf 74' lang='lat' dir='ltr'>explente,</span> <span class='ocrx_word' id='word_1_56' title='bbox 605 622 713 690; x_wconf 90' lang='lat' dir='ltr'>quando</span> <span class='ocrx_word' id='word_1_57' title='bbox 724 623 812 673; x_wconf 81' lang='lat' dir='ltr'>uirore</span> <span class='ocrx_word' id='word_1_58' title='bbox 822 623 857 674; x_wconf 92' lang='lat' dir='ltr'>ab</span> <span class='ocrx_word' id='word_1_59' title='bbox 867 624 950 673; x_wconf 86' lang='lat' dir='ltr'>Octa-</span> 
     </span>
    </p>
   </div>
   <div class='ocr_carea' id='block_1_5' title="bbox 62 689 950 761">
    <p class='ocr_par' dir='ltr' id='par_1_7' title="bbox 62 689 950 761">
     <span class='ocr_line' id='line_1_10' title="bbox 62 689 950 761; baseline -0.002 -17"><span class='ocrx_word' id='word_1_60' title='bbox 62 696 64 704; x_wconf 64' lang='lat'>‘</span> <span class='ocrx_word' id='word_1_61' title='bbox 132 691 134 698; x_wconf 78' lang='grc'><em>’</em></span> <span class='ocrx_word' id='word_1_62' title='bbox 151 695 210 756; x_wconf 72' lang='lat' dir='ltr'>sia,</span> <span class='ocrx_word' id='word_1_63' title='bbox 223 693 311 761; x_wconf 86' lang='lat' dir='ltr'>nobili</span> <span class='ocrx_word' id='word_1_64' title='bbox 322 689 432 758; x_wconf 85' lang='lat' dir='ltr'>quidem</span> <span class='ocrx_word' id='word_1_65' title='bbox 444 694 632 758; x_wconf 77' lang='lat' dir='ltr'>etprobitatis</span> <span class='ocrx_word' id='word_1_66' title='bbox 643 696 801 757; x_wconf 83' lang='lat' dir='ltr'>spectatae,</span> <span class='ocrx_word' id='word_1_67' title='bbox 809 691 871 742; x_wconf 77' lang='lat' dir='ltr'>fato</span> <span class='ocrx_word' id='word_1_68' title='bbox 883 706 950 758; x_wconf 90' lang='lat' dir='ltr'>quo·</span> 
     </span>
    </p>
   </div>
   <div class='ocr_carea' id='block_1_6' title="bbox 153 759 950 827">
    <p class='ocr_par' dir='ltr' id='par_1_8' title="bbox 153 759 950 827">
     <span class='ocr_line' id='line_1_11' title="bbox 153 759 950 827; baseline -0.004 -14"><span class='ocrx_word' id='word_1_69' title='bbox 153 761 215 813; x_wconf 86' lang='lat' dir='ltr'>dem</span> <span class='ocrx_word' id='word_1_70' title='bbox 223 797 235 824; x_wconf 78' lang='lat'>,</span> <span class='ocrx_word' id='word_1_71' title='bbox 250 777 287 810; x_wconf 87' lang='lat' dir='ltr'>an</span> <span class='ocrx_word' id='word_1_72' title='bbox 298 762 536 827; x_wconf 81' lang='lat' dir='ltr'>quiapraevalent</span> <span class='ocrx_word' id='word_1_73' title='bbox 545 761 671 823; x_wconf 83' lang='lat' dir='ltr'>inlicita,</span> <span class='ocrx_word' id='word_1_74' title='bbox 682 759 870 827; x_wconf 80' lang='lat' dir='ltr'>abhorrebat:</span> <span class='ocrx_word' id='word_1_75' title='bbox 891 775 950 810; x_wconf 84' lang='lat' dir='ltr'>rne-</span> 
     </span>
    </p>
   </div>
   <div class='ocr_carea' id='block_1_7' title="bbox 77 828 983 896">
    <p class='ocr_par' dir='ltr' id='par_1_9' title="bbox 77 828 983 896">
     <span class='ocr_line' id='line_1_12' title="bbox 77 828 983 896; baseline -0.002 -14"><span class='ocrx_word' id='word_1_76' title='bbox 77 828 78 832; x_wconf 66' lang='grc'>’</span> <span class='ocrx_word' id='word_1_77' title='bbox 129 832 352 896; x_wconf 49' lang='lat' dir='ltr'>,tuebaturqua</span> <span class='ocrx_word' id='word_1_78' title='bbox 381 845 416 880; x_wconf 92' lang='lat' dir='ltr'>ne</span> <span class='ocrx_word' id='word_1_79' title='bbox 436 831 469 878; x_wconf 90' lang='lat' dir='ltr'>in</span> <span class='ocrx_word' id='word_1_80' title='bbox 485 835 585 895; x_wconf 86' lang='lat' dir='ltr'>stupra</span> <span class='ocrx_word' id='word_1_81' title='bbox 602 829 769 880; x_wconf 79' lang='lat' dir='ltr'>feminarum</span> <span class='ocrx_word' id='word_1_82' title='bbox 789 829 949 880; x_wconf 77' lang='lat' dir='ltr'>inlustrium</span> <span class='ocrx_word' id='word_1_83' title='bbox 975 839 983 844; x_wconf 77' lang='grc'><em>“</em></span> 
     </span>
    </p>
   </div>
   <div class='ocr_carea' id='block_1_8' title="bbox 151 896 951 1380">
    <p class='ocr_par' dir='ltr' id='par_1_10' title="bbox 152 896 802 965">
     <span class='ocr_line' id='line_1_13' title="bbox 152 896 802 965; baseline -0.003 -15"><span class='ocrx_word' id='word_1_84' title='bbox 152 903 356 965; x_wconf 79' lang='lat' dir='ltr'>prorumperet,</span> <span class='ocrx_word' id='word_1_85' title='bbox 377 901 401 950; x_wconf 87' lang='lat' dir='ltr'>si</span> <span class='ocrx_word' id='word_1_86' title='bbox 412 898 460 948; x_wconf 88' lang='lat' dir='ltr'>illa</span> <span class='ocrx_word' id='word_1_87' title='bbox 469 899 585 950; x_wconf 88' lang='lat' dir='ltr'>libidine</span> <span class='ocrx_word' id='word_1_88' title='bbox 597 896 802 964; x_wconf 73' lang='lat' dir='ltr'>prohibereiur.</span> 
     </span>
    </p>

    <p class='ocr_par' dir='ltr' id='par_1_11' title="bbox 151 965 951 1380">
     <span class='ocr_line' id='line_1_14' title="bbox 195 965 951 1034; baseline 0 -16"><span class='ocrx_word' id='word_1_89' title='bbox 195 968 277 1018; x_wconf 68' lang='lat' dir='ltr'>»Xllb</span> <span class='ocrx_word' id='word_1_90' title='bbox 306 965 360 1017; x_wconf 87' lang='lat' dir='ltr'>Sed</span> <span class='ocrx_word' id='word_1_91' title='bbox 374 969 524 1034; x_wconf 83' lang='lat' dir='ltr'>Agrippina</span> <span class='ocrx_word' id='word_1_92' title='bbox 539 967 663 1018; x_wconf 82' lang='lat' dir='ltr'>libertam</span> <span class='ocrx_word' id='word_1_93' title='bbox 677 968 822 1030; x_wconf 82' lang='lat' dir='ltr'>aemulam,</span> <span class='ocrx_word' id='word_1_94' title='bbox 850 981 951 1023; x_wconf 72' lang='lat' dir='ltr'>aarum</span> 
     </span>
     <span class='ocr_line' id='line_1_15' title="bbox 153 1035 951 1103; baseline -0.003 -15"><span class='ocrx_word' id='word_1_95' title='bbox 153 1035 296 1098; x_wconf 82' lang='lat' dir='ltr'>ancillam„</span> <span class='ocrx_word' id='word_1_96' title='bbox 310 1036 433 1103; x_wconf 86' lang='lat' dir='ltr'>aliaque,</span> <span class='ocrx_word' id='word_1_97' title='bbox 459 1036 576 1088; x_wconf 86' lang='lat' dir='ltr'>eundem</span> <span class='ocrx_word' id='word_1_98' title='bbox 587 1036 753 1098; x_wconf 79' lang='lat' dir='ltr'>inmodunr,</span> <span class='ocrx_word' id='word_1_99' title='bbox 772 1037 951 1088; x_wconf 87' lang='lat' dir='ltr'>muliebriter</span> 
     </span>
     <span class='ocr_line' id='line_1_16' title="bbox 151 1103 950 1172; baseline -0.003 -16"><span class='ocrx_word' id='word_1_100' title='bbox 151 1103 282 1156; x_wconf 74' lang='lat' dir='ltr'>fremere.</span> <span class='ocrx_word' id='word_1_101' title='bbox 319 1105 415 1172; x_wconf 85' lang='lat' dir='ltr'>Neque</span> <span class='ocrx_word' id='word_1_102' title='bbox 435 1105 638 1170; x_wconf 82' lang='lat' dir='ltr'>poenitentiam</span> <span class='ocrx_word' id='word_1_103' title='bbox 651 1104 704 1156; x_wconf 84' lang='lat' dir='ltr'>iilii</span> <span class='ocrx_word' id='word_1_104' title='bbox 719 1110 771 1154; x_wconf 85' lang='lat' dir='ltr'>aut</span> <span class='ocrx_word' id='word_1_105' title='bbox 787 1106 950 1156; x_wconf 82' lang='lat' dir='ltr'>satietatem</span> 
     </span>
     <span class='ocr_line' id='line_1_17' title="bbox 154 1167 949 1241; baseline -0.006 -14"><span class='ocrx_word' id='word_1_106' title='bbox 154 1169 288 1240; x_wconf 85' lang='lat' dir='ltr'>opperiri:</span> <span class='ocrx_word' id='word_1_107' title='bbox 318 1178 478 1241; x_wconf 84' lang='lat' dir='ltr'>quantoque</span> <span class='ocrx_word' id='word_1_108' title='bbox 489 1172 620 1225; x_wconf 80' lang='lat' dir='ltr'>foediora</span> <span class='ocrx_word' id='word_1_109' title='bbox 628 1167 829 1240; x_wconf 81' lang='lat' dir='ltr'>exprobrabat,</span> <span class='ocrx_word' id='word_1_110' title='bbox 856 1175 949 1223; x_wconf 87' lang='lat' dir='ltr'>acrius</span> 
     </span>
     <span class='ocr_line' id='line_1_18' title="bbox 153 1241 949 1305; baseline -0.003 -11"><span class='ocrx_word' id='word_1_111' title='bbox 153 1245 318 1305; x_wconf 79' lang='lat' dir='ltr'>accendere,</span> <span class='ocrx_word' id='word_1_112' title='bbox 339 1242 440 1304; x_wconf 88' lang='lat' dir='ltr'>donec,</span> <span class='ocrx_word' id='word_1_113' title='bbox 458 1243 485 1292; x_wconf 81' lang='lat' dir='ltr'>vi</span> <span class='ocrx_word' id='word_1_114' title='bbox 496 1243 599 1293; x_wconf 85' lang='lat' dir='ltr'>amoris</span> <span class='ocrx_word' id='word_1_115' title='bbox 610 1244 755 1305; x_wconf 80' lang='lat' dir='ltr'>subactus,</span> <span class='ocrx_word' id='word_1_116' title='bbox 776 1246 891 1293; x_wconf 83' lang='lat' dir='ltr'>exueret</span> <span class='ocrx_word' id='word_1_117' title='bbox 901 1241 949 1292; x_wconf 88' lang='lat' dir='ltr'>ob·</span> 
     </span>
     <span class='ocr_line' id='line_1_19' title="bbox 153 1308 950 1380; baseline -0.005 -17"><span class='ocrx_word' id='word_1_118' title='bbox 153 1313 281 1380; x_wconf 76' lang='lat' dir='ltr'>sequium</span> <span class='ocrx_word' id='word_1_119' title='bbox 291 1313 320 1362; x_wconf 91' lang='lat' dir='ltr'>in</span> <span class='ocrx_word' id='word_1_120' title='bbox 332 1316 470 1374; x_wconf 78' lang='lat' dir='ltr'>matrem,</span> <span class='ocrx_word' id='word_1_121' title='bbox 494 1308 673 1378; x_wconf 81' lang='lat' dir='ltr'>Senecasque</span> <span class='ocrx_word' id='word_1_122' title='bbox 683 1313 874 1377; x_wconf 58' lang='lat' dir='ltr'>permitteret,</span> <span class='ocrx_word' id='word_1_123' title='bbox 905 1310 950 1360; x_wconf 84' lang='lat' dir='ltr'>Ex</span> 
     </span>
    </p>
   </div>
   <div class='ocr_carea' id='block_1_9' title="bbox 154 1379 950 1443">
    <p class='ocr_par' dir='ltr' id='par_1_12' title="bbox 65 1379 950 1443">
     <span class='ocr_line' id='line_1_20' title="bbox 154 1379 950 1443; baseline -0.002 -11.201"><span class='ocrx_word' id='word_1_124' title='bbox 154 1383 232 1432; x_wconf 87' lang='lat' dir='ltr'>cuius</span> <span class='ocrx_word' id='word_1_125' title='bbox 255 1381 437 1432; x_wconf 75' lang='lat' dir='ltr'>familiaribus</span> <span class='ocrx_word' id='word_1_126' title='bbox 455 1381 585 1430; x_wconf 78' lang='lat' dir='ltr'>Annaeus</span> <span class='ocrx_word' id='word_1_127' title='bbox 605 1379 748 1443; x_wconf 77' lang='lat' dir='ltr'>Serenus,</span> <span class='ocrx_word' id='word_1_128' title='bbox 768 1380 950 1440; x_wconf 84' lang='lat' dir='ltr'>simulatione</span> 
     </span>
    </p>
   </div>
   <div class='ocr_carea' id='block_1_10' title="bbox 85 1448 996 2341">
    <p class='ocr_par' dir='ltr' id='par_1_13' title="bbox 85 1448 996 2341">
     <span class='ocr_line' id='line_1_21' title="bbox 114 1448 950 1517; baseline -0.006 -14"><span class='ocrx_word' id='word_1_129' title='bbox 114 1455 121 1499; x_wconf 90' lang='grc'>’.</span> <span class='ocrx_word' id='word_1_130' title='bbox 154 1452 256 1502; x_wconf 85' lang='lat' dir='ltr'>amoris</span> <span class='ocrx_word' id='word_1_131' title='bbox 277 1451 409 1501; x_wconf 87' lang='lat' dir='ltr'>adversus</span> <span class='ocrx_word' id='word_1_132' title='bbox 430 1449 547 1500; x_wconf 85' lang='lat' dir='ltr'>eandem</span> <span class='ocrx_word' id='word_1_133' title='bbox 565 1449 708 1514; x_wconf 77' lang='lat' dir='ltr'>libertam,</span> <span class='ocrx_word' id='word_1_134' title='bbox 737 1451 839 1517; x_wconf 88' lang='lat' dir='ltr'>primas</span> <span class='ocrx_word' id='word_1_135' title='bbox 855 1448 950 1500; x_wconf 80' lang='lat' dir='ltr'>adole·</span> 
     </span>
     <span class='ocr_line' id='line_1_22' title="bbox 154 1519 951 1592; baseline -0.009 -20"><span class='ocrx_word' id='word_1_136' title='bbox 154 1522 259 1573; x_wconf 83' lang='lat' dir='ltr'>scentis</span> <span class='ocrx_word' id='word_1_137' title='bbox 273 1521 417 1586; x_wconf 84' lang='lat' dir='ltr'>cupidi-nes</span> <span class='ocrx_word' id='word_1_138' title='bbox 427 1519 582 1582; x_wconf 80' lang='lat' dir='ltr'>velaverat,</span> <span class='ocrx_word' id='word_1_139' title='bbox 602 1521 825 1592; x_wconf 79' lang='lat' dir='ltr'>praebueratque</span> <span class='ocrx_word' id='word_1_140' title='bbox 836 1533 951 1578; x_wconf 85' lang='lat' dir='ltr'>nomen,</span> 
     </span>
     <span class='ocr_line' id='line_1_23' title="bbox 152 1587 951 1660; baseline 0 -19"><span class='ocrx_word' id='word_1_141' title='bbox 152 1596 194 1660; x_wconf 81' lang='lat' dir='ltr'>ut,</span> <span class='ocrx_word' id='word_1_142' title='bbox 213 1605 284 1657; x_wconf 88' lang='lat' dir='ltr'>quae</span> <span class='ocrx_word' id='word_1_143' title='bbox 294 1590 426 1654; x_wconf 86' lang='lat' dir='ltr'>Princeps</span> <span class='ocrx_word' id='word_1_144' title='bbox 436 1587 532 1639; x_wconf 81' lang='lat' dir='ltr'>furtim</span> <span class='ocrx_word' id='word_1_145' title='bbox 544 1590 722 1641; x_wconf 83' lang='lat' dir='ltr'>mulierculae</span> <span class='ocrx_word' id='word_1_146' title='bbox 734 1589 884 1648; x_wconf 82' lang='lat' dir='ltr'>tribuebat,</span> <span class='ocrx_word' id='word_1_147' title='bbox 900 1588 951 1641; x_wconf 85' lang='lat' dir='ltr'>ille</span> 
     </span>
     <span class='ocr_line' id='line_1_24' title="bbox 116 1657 952 1727; baseline -0.006 -18"><span class='ocrx_word' id='word_1_148' title='bbox 116 1692 119 1699; x_wconf 78' lang='lat'>,</span> <span class='ocrx_word' id='word_1_149' title='bbox 152 1660 244 1725; x_wconf 78' lang='lat' dir='ltr'>palam</span> <span class='ocrx_word' id='word_1_150' title='bbox 253 1660 413 1727; x_wconf 76' lang='lat' dir='ltr'>largiretur.</span> <span class='ocrx_word' id='word_1_151' title='bbox 450 1658 698 1725; x_wconf 83' lang='lat' dir='ltr'>TumAgrippiqa,</span> <span class='ocrx_word' id='word_1_152' title='bbox 726 1658 815 1706; x_wconf 78' lang='lat' dir='ltr'>versis</span> <span class='ocrx_word' id='word_1_153' title='bbox 832 1657 952 1717; x_wconf 87' lang='lat' dir='ltr'>artibus,</span> 
     </span>
     <span class='ocr_line' id='line_1_25' title="bbox 153 1722 953 1793; baseline -0.01 -15"><span class='ocrx_word' id='word_1_154' title='bbox 153 1742 204 1793; x_wconf 85' lang='lat' dir='ltr'>per</span> <span class='ocrx_word' id='word_1_155' title='bbox 214 1727 406 1781; x_wconf 85' lang='lat' dir='ltr'>blandimenta</span> <span class='ocrx_word' id='word_1_156' title='bbox 414 1724 543 1776; x_wconf 87' lang='lat' dir='ltr'>iuvenem</span> <span class='ocrx_word' id='word_1_157' title='bbox 553 1726 678 1790; x_wconf 85' lang='lat' dir='ltr'>adgredi,</span> <span class='ocrx_word' id='word_1_158' title='bbox 693 1739 769 1774; x_wconf 76' lang='lat' dir='ltr'>ceum</span> <span class='ocrx_word' id='word_1_159' title='bbox 775 1722 868 1788; x_wconf 74' lang='lat' dir='ltr'>petius</span> <span class='ocrx_word' id='word_1_160' title='bbox 877 1723 953 1772; x_wconf 84' lang='lat' dir='ltr'>eubi-</span> 
     </span>
     <span class='ocr_line' id='line_1_26' title="bbox 153 1788 996 1861; baseline -0.008 -14"><span class='ocrx_word' id='word_1_161' title='bbox 153 1797 241 1847; x_wconf 81' lang='lat' dir='ltr'>cel&#39;um</span> <span class='ocrx_word' id='word_1_162' title='bbox 252 1811 283 1846; x_wconf 85' lang='lat' dir='ltr'>ae</span> <span class='ocrx_word' id='word_1_163' title='bbox 294 1794 381 1845; x_wconf 73' lang='lat' dir='ltr'>ninom</span> <span class='ocrx_word' id='word_1_164' title='bbox 392 1791 506 1855; x_wconf 85' lang='lat' dir='ltr'>offerre,</span> <span class='ocrx_word' id='word_1_165' title='bbox 525 1792 711 1861; x_wconf 77' lang='lat' dir='ltr'>coretegendie,</span> <span class='ocrx_word' id='word_1_166' title='bbox 731 1806 798 1859; x_wconf 76' lang='lat' dir='ltr'>puae</span> <span class='ocrx_word' id='word_1_167' title='bbox 804 1788 896 1855; x_wconf 82' lang='lat' dir='ltr'>primo</span> <span class='ocrx_word' id='word_1_168' title='bbox 906 1806 952 1841; x_wconf 85' lang='lat' dir='ltr'>ae·</span> <span class='ocrx_word' id='word_1_169' title='bbox 992 1805 996 1813; x_wconf 61' lang='lat'><em>⁷</em></span> 
     </span>
     <span class='ocr_line' id='line_1_27' title="bbox 153 1851 953 1933; baseline -0.005 -18"><span class='ocrx_word' id='word_1_170' title='bbox 153 1872 214 1927; x_wconf 78' lang='lat' dir='ltr'>tac,</span> <span class='ocrx_word' id='word_1_171' title='bbox 242 1871 379 1914; x_wconf 77' lang='lat' dir='ltr'>etsernme</span> <span class='ocrx_word' id='word_1_172' title='bbox 388 1851 506 1933; x_wconf 78' lang='lat' dir='ltr'>fortene</span> <span class='ocrx_word' id='word_1_173' title='bbox 522 1869 683 1925; x_wconf 79' lang='lat' dir='ltr'>expeterent.</span> <span class='ocrx_word' id='word_1_174' title='bbox 720 1860 792 1921; x_wconf 71' lang='lat' dir='ltr'>Quin</span> <span class='ocrx_word' id='word_1_175' title='bbox 804 1863 833 1908; x_wconf 89' lang='lat' dir='ltr'>et</span> <span class='ocrx_word' id='word_1_176' title='bbox 843 1857 953 1911; x_wconf 85' lang='lat' dir='ltr'>fateba-</span> 
     </span>
     <span class='ocr_line' id='line_1_28' title="bbox 85 1928 978 1998; baseline -0.006 -14"><span class='ocrx_word' id='word_1_177' title='bbox 85 1943 90 1950; x_wconf 84' lang='grc'><strong>’</strong></span> <span class='ocrx_word' id='word_1_178' title='bbox 152 1936 201 1983; x_wconf 88' lang='lat' dir='ltr'>tur</span> <span class='ocrx_word' id='word_1_179' title='bbox 223 1930 438 1998; x_wconf 71' lang='lat' dir='ltr'>intempestivam</span> <span class='ocrx_word' id='word_1_180' title='bbox 461 1928 647 1991; x_wconf 70' lang='lat' dir='ltr'>seueritatem,</span> <span class='ocrx_word' id='word_1_181' title='bbox 676 1934 705 1987; x_wconf 79' lang='lat' dir='ltr'>et</span> <span class='ocrx_word' id='word_1_182' title='bbox 724 1942 835 1979; x_wconf 85' lang='lat' dir='ltr'>suarum</span> <span class='ocrx_word' id='word_1_183' title='bbox 856 1943 951 1993; x_wconf 91' lang='lat' dir='ltr'>opum,</span> <span class='ocrx_word' id='word_1_184' title='bbox 974 1968 978 1972; x_wconf 91' lang='lat'>.</span> 
     </span>
     <span class='ocr_line' id='line_1_29' title="bbox 153 1998 952 2067; baseline -0.001 -17"><span class='ocrx_word' id='word_1_185' title='bbox 153 2015 225 2067; x_wconf 89' lang='lat' dir='ltr'>quae</span> <span class='ocrx_word' id='word_1_186' title='bbox 235 1999 308 2051; x_wconf 90' lang='lat' dir='ltr'>iiaud</span> <span class='ocrx_word' id='word_1_187' title='bbox 319 1998 415 2065; x_wconf 91' lang='lat' dir='ltr'>procul</span> <span class='ocrx_word' id='word_1_188' title='bbox 424 1998 613 2062; x_wconf 83' lang='lat' dir='ltr'>imperatoriis</span> <span class='ocrx_word' id='word_1_189' title='bbox 628 1999 760 2059; x_wconf 87' lang='lat' dir='ltr'>aberant,</span> <span class='ocrx_word' id='word_1_190' title='bbox 790 1998 883 2062; x_wconf 83' lang='lat' dir='ltr'>copias</span> <span class='ocrx_word' id='word_1_191' title='bbox 893 2001 952 2049; x_wconf 83' lang='lat' dir='ltr'>tra·</span> 
     </span>
     <span class='ocr_line' id='line_1_30' title="bbox 134 2066 951 2131; baseline -0.002 -12"><span class='ocrx_word' id='word_1_192' title='bbox 134 2068 251 2119; x_wconf 81' lang='lat' dir='ltr'>debat:</span> <span class='ocrx_word' id='word_1_193' title='bbox 280 2073 312 2118; x_wconf 90' lang='lat' dir='ltr'>ut</span> <span class='ocrx_word' id='word_1_194' title='bbox 322 2068 408 2116; x_wconf 88' lang='lat' dir='ltr'>nimia</span> <span class='ocrx_word' id='word_1_195' title='bbox 418 2080 506 2131; x_wconf 87' lang='lat' dir='ltr'>nuper</span> <span class='ocrx_word' id='word_1_196' title='bbox 516 2067 669 2117; x_wconf 88' lang='lat' dir='ltr'>coercendo</span> <span class='ocrx_word' id='word_1_197' title='bbox 683 2067 758 2129; x_wconf 80' lang='lat' dir='ltr'>silio,</span> <span class='ocrx_word' id='word_1_198' title='bbox 787 2066 829 2117; x_wconf 89' lang='lat' dir='ltr'>ita</span> <span class='ocrx_word' id='word_1_199' title='bbox 838 2081 951 2117; x_wconf 69' lang='lat' dir='ltr'>mesum</span> 
     </span>
     <span class='ocr_line' id='line_1_31' title="bbox 152 2130 951 2203; baseline 0.003 -17"><span class='ocrx_word' id='word_1_200' title='bbox 152 2138 374 2203; x_wconf 83' lang='lat' dir='ltr'>intemperanter</span> <span class='ocrx_word' id='word_1_201' title='bbox 388 2130 522 2185; x_wconf 61' lang='lat' dir='ltr'>demissas.</span> <span class='ocrx_word' id='word_1_202' title='bbox 552 2136 630 2197; x_wconf 78' lang='lat' dir='ltr'>Quae</span> <span class='ocrx_word' id='word_1_203' title='bbox 647 2136 766 2187; x_wconf 85' lang='lat' dir='ltr'>mutatio</span> <span class='ocrx_word' id='word_1_204' title='bbox 786 2150 875 2202; x_wconf 90' lang='lat' dir='ltr'>neque</span> <span class='ocrx_word' id='word_1_205' title='bbox 894 2134 951 2188; x_wconf 84' lang='lat' dir='ltr'>Ne·</span> 
     </span>
     <span class='ocr_line' id='line_1_32' title="bbox 85 2204 950 2271; baseline -0.005 -14"><span class='ocrx_word' id='word_1_206' title='bbox 85 2261 87 2269; x_wconf 15' lang='grc' dir='ltr'>χ</span> <span class='ocrx_word' id='word_1_207' title='bbox 153 2212 250 2257; x_wconf 83' lang='lat' dir='ltr'>renem</span> <span class='ocrx_word' id='word_1_208' title='bbox 269 2204 389 2265; x_wconf 85' lang='lat' dir='ltr'>fefellit,</span> <span class='ocrx_word' id='word_1_209' title='bbox 418 2208 448 2254; x_wconf 89' lang='lat' dir='ltr'>ct</span> <span class='ocrx_word' id='word_1_210' title='bbox 467 2206 586 2271; x_wconf 77' lang='lat' dir='ltr'>proximi</span> <span class='ocrx_word' id='word_1_211' title='bbox 605 2207 756 2257; x_wconf 90' lang='lat' dir='ltr'>amicorum</span> <span class='ocrx_word' id='word_1_212' title='bbox 775 2204 950 2267; x_wconf 85' lang='lat' dir='ltr'>metuebant,</span> 
     </span>
     <span class='ocr_line' id='line_1_33' title="bbox 153 2271 949 2341; baseline -0.004 -16"><span class='ocrx_word' id='word_1_213' title='bbox 153 2275 444 2341; x_wconf 79' lang='lat' dir='ltr'>orabantque,·carere</span> <span class='ocrx_word' id='word_1_214' title='bbox 453 2273 712 2337; x_wconf 76' lang='lat' dir='ltr'>insidiaemelierie,</span> <span class='ocrx_word' id='word_1_215' title='bbox 725 2290 827 2341; x_wconf 76' lang='lat' dir='ltr'>seraper</span> <span class='ocrx_word' id='word_1_216' title='bbox 836 2271 949 2335; x_wconf 66' lang='lat' dir='ltr'>atrocis,</span> 
     </span>
    </p>
   </div>
   <div class='ocr_carea' id='block_1_11' title="bbox 67 2336 948 2414">
    <p class='ocr_par' dir='ltr' id='par_1_14' title="bbox 67 2336 948 2414">
     <span class='ocr_line' id='line_1_34' title="bbox 67 2336 948 2414; baseline -0.003 -21"><span class='ocrx_word' id='word_1_217' title='bbox 67 2336 72 2345; x_wconf 81' lang='grc'>’</span> <span class='ocrx_word' id='word_1_218' title='bbox 153 2350 211 2393; x_wconf 84' lang='lat' dir='ltr'>tem</span> <span class='ocrx_word' id='word_1_219' title='bbox 226 2350 253 2394; x_wconf 82' lang='lat' dir='ltr'>et</span> <span class='ocrx_word' id='word_1_220' title='bbox 267 2344 369 2414; x_wconf 71' lang='lat' dir='ltr'>falsae.</span> <span class='ocrx_word' id='word_1_221' title='bbox 405 2341 793 2407; x_wconf 77' lang='lat' dir='ltr'>Forteillisdicbuscacsar,</span> <span class='ocrx_word' id='word_1_222' title='bbox 820 2344 948 2407; x_wconf 86' lang='lat' dir='ltr'>inspecto</span> 
     </span>
    </p>
   </div>
   <div class='ocr_carea' id='block_1_12' title="bbox 150 2409 950 2616">
    <p class='ocr_par' dir='ltr' id='par_1_15' title="bbox 150 2409 950 2616">
     <span class='ocr_line' id='line_1_35' title="bbox 153 2409 950 2480; baseline -0.004 -17"><span class='ocrx_word' id='word_1_223' title='bbox 153 2416 264 2474; x_wconf 82' lang='lat' dir='ltr'>ornatu,</span> <span class='ocrx_word' id='word_1_224' title='bbox 278 2428 331 2479; x_wconf 94' lang='lat' dir='ltr'>quo</span> <span class='ocrx_word' id='word_1_225' title='bbox 343 2410 500 2479; x_wconf 80' lang='lat' dir='ltr'>Priircipum</span> <span class='ocrx_word' id='word_1_226' title='bbox 512 2416 645 2480; x_wconf 83' lang='lat' dir='ltr'>coniuges</span> <span class='ocrx_word' id='word_1_227' title='bbox 655 2428 688 2464; x_wconf 90' lang='lat' dir='ltr'>ac</span> <span class='ocrx_word' id='word_1_228' title='bbox 697 2418 828 2478; x_wconf 88' lang='lat' dir='ltr'>parentes</span> <span class='ocrx_word' id='word_1_229' title='bbox 839 2409 950 2461; x_wconf 81' lang='lat' dir='ltr'>effulse-</span> 
     </span>
     <span class='ocr_line' id='line_1_36' title="bbox 150 2478 949 2550; baseline -0.005 -18"><span class='ocrx_word' id='word_1_230' title='bbox 150 2486 231 2545; x_wconf 83' lang='lat' dir='ltr'>rant,</span> <span class='ocrx_word' id='word_1_231' title='bbox 260 2480 360 2547; x_wconf 81' lang='lat' dir='ltr'>deligit</span> <span class='ocrx_word' id='word_1_232' title='bbox 373 2488 483 2533; x_wconf 77' lang='lat' dir='ltr'>restem</span> <span class='ocrx_word' id='word_1_233' title='bbox 499 2488 529 2533; x_wconf 92' lang='lat' dir='ltr'>et</span> <span class='ocrx_word' id='word_1_234' title='bbox 538 2498 662 2550; x_wconf 83' lang='lat' dir='ltr'>gemmas</span> <span class='ocrx_word' id='word_1_235' title='bbox 668 2485 682 2545; x_wconf 89' lang='lat'>,&#39;</span> <span class='ocrx_word' id='word_1_236' title='bbox 703 2483 834 2548; x_wconf 85' lang='lat' dir='ltr'>misitque</span> <span class='ocrx_word' id='word_1_237' title='bbox 846 2478 949 2529; x_wconf 89' lang='lat' dir='ltr'>donum</span> 
     </span>
     <span class='ocr_line' id='line_1_37' title="bbox 151 2549 949 2616; baseline -0.006 -15"><span class='ocrx_word' id='word_1_238' title='bbox 151 2552 249 2613; x_wconf 89' lang='lat' dir='ltr'>matri,</span> <span class='ocrx_word' id='word_1_239' title='bbox 269 2551 346 2601; x_wconf 89' lang='lat' dir='ltr'>nulla</span> <span class='ocrx_word' id='word_1_240' title='bbox 355 2552 540 2615; x_wconf 84' lang='lat' dir='ltr'>parsimonia,</span> <span class='ocrx_word' id='word_1_241' title='bbox 563 2568 624 2603; x_wconf 84' lang='lat' dir='ltr'>curn</span> <span class='ocrx_word' id='word_1_242' title='bbox 634 2552 797 2616; x_wconf 84' lang='lat' dir='ltr'>praecipua,</span> <span class='ocrx_word' id='word_1_243' title='bbox 816 2554 846 2599; x_wconf 91' lang='lat' dir='ltr'>et</span> <span class='ocrx_word' id='word_1_244' title='bbox 855 2549 949 2612; x_wconf 90' lang='lat' dir='ltr'>cupita</span> 
     </span>
    </p>
   </div>
   <div class='ocr_carea' id='block_1_13' title="bbox 150 2614 949 2691">
    <p class='ocr_par' dir='ltr' id='par_1_16' title="bbox 150 2614 949 2691">
     <span class='ocr_line' id='line_1_38' title="bbox 150 2614 949 2691; baseline -0.013 -14"><span class='ocrx_word' id='word_1_245' title='bbox 150 2619 224 2687; x_wconf 69' lang='lat' dir='ltr'>eliis,</span> <span class='ocrx_word' id='word_1_246' title='bbox 234 2620 312 2688; x_wconf 88' lang='lat' dir='ltr'>prior</span> <span class='ocrx_word' id='word_1_247' title='bbox 322 2619 456 2677; x_wconf 83' lang='lat' dir='ltr'>deferret.</span> <span class='ocrx_word' id='word_1_248' title='bbox 492 2620 549 2675; x_wconf 80' lang='lat' dir='ltr'>Sed</span> <span class='ocrx_word' id='word_1_249' title='bbox 558 2622 720 2691; x_wconf 77' lang='lat' dir='ltr'>Agrippina,</span> <span class='ocrx_word' id='word_1_250' title='bbox 734 2637 787 2675; x_wconf 83' lang='lat' dir='ltr'>non</span> <span class='ocrx_word' id='word_1_251' title='bbox 796 2618 838 2683; x_wconf 77' lang='lat' dir='ltr'>bit</span> <span class='ocrx_word' id='word_1_252' title='bbox 847 2614 949 2672; x_wconf 72' lang='lat' dir='ltr'>instrui</span> 
     </span>
    </p>
   </div>
   <div class='ocr_carea' id='block_1_14' title="bbox 0 0 1023 3025">
    <p class='ocr_par' dir='ltr' id='par_1_17' title="bbox 0 0 1023 3025">
     <span class='ocr_line' id='line_1_39' title="bbox 0 0 1023 3025; baseline 0 0"><span class='ocrx_word' id='word_1_253' title='bbox 0 0 1023 3025; x_wconf 95' lang='lat' dir='ltr'> </span> 
     </span>
    </p>
   </div>
  </div>
 </body>
</html>
