2034 3025
95 124 248 179 araxi.
268 122 474 176 ciro-11:
485 125 529 190 [s.
539 127 572 176 v.
583 123 642 175 800.
660 123 798 190 teiln]
816 127 867 178 aar

63 242 153 290 ann03
171 240 228 275 non
239 226 298 275 sine
309 225 445 277 dedecore
454 225 635 290 Parthorum,
660 242 730 295 quos
739 244 795 282 una
805 234 868 282 civi-

63 291 110 348 ω’
117 294 227 346 tamdiu
238 294 370 345 eluserat.
498 349 504 353 ,

116 364 152 414 X
183 363 253 412 Exin
271 363 455 415 validissimas
475 365 672 418 Praefecturas
690 367 800 416 invasit.
842 373 871 420 et

64 433 224 498 reciperare
234 432 392 482 Armeniam
407 434 521 497 avehat,
550 437 578 485 ni
587 448 612 485 ἐι
622 435 704 486 Vibio
715 435 811 490 Marso
821 432 871 501 Sy-

63 500 252 566 riaeLegato,
272 499 375 550 bellum
386 503 540 564 minitante,
559 501 695 553 cohi-bitus
707 501 788 554 foret.
825 504 870 554 At-

65 584 119 636 que
134 569 246 618 interim
262 566 412 631 Gotarzes,
442 573 612 635 poenitentia
627 572 752 623 concessi
772 571 871 638 Regni,

63 643 103 699 et,
113 639 264 687 revocante
276 636 432 699 nobilitate,
447 640 491 688 eui
502 640 529 688 in
541 654 610 704 pace
618 640 714 690 durius
725 642 869 690 servitium

31 726 39 740 ν
64 710 117 766 est,
129 702 272 754 contrahit
281 707 381 768 copias.
410 705 515 757 ethuic
525 709 700 758 contraitum
712 707 749 759 ad
759 723 868 760 amnem
967 737 970 744 ι

62 771 204 825 Erinden:
230 772 258 822 in
269 774 345 822 cuius
355 778 530 840 transgressu
541 777 658 827 multum
669 781 789 840 certato,
809 792 869 843 per·

61 839 131 892 vicit
140 839 300 906 Bardanes,
327 846 521 908 prosperisque
535 844 649 911 proeliis
659 846 763 897 medias
781 847 869 896 natio-

63 926 115 962 nes
125 909 235 974 subegit
248 909 286 972 ad
296 908 398 961 llumen
409 909 526 973 Sinden,
546 911 620 980 quod
633 911 725 966 Dahas
736 915 869 982 Ariosque

61 979 249 1030 disterminat.
284 978 328 1028 lbi
336 979 433 1029 modus
443 981 525 1031 rebus
535 982 662 1032 secundis
672 985 786 1048 positae
803 998 869 1034 nam

63 1046 175 1108 Parthi,
204 1060 370 1114 quamquam
385 1050 517 1110 victores,
532 1055 533 1062 ’
546 1049 726 1118 longinquam
742 1053 868 1103 militiam

60 1113 310 1181 adspernabantur.
347 1117 436 1184 Igitur
446 1121 594 1169 exstructis
606 1122 791 1183 monimentis,
810 1123 869 1188 qui·

61 1184 118 1235 hus
129 1197 197 1248 opes
211 1197 277 1232 suas
287 1185 458 1248 testabatur,
486 1188 677 1254 ueceuiquam
687 1195 752 1240 ante
762 1191 869 1242 Arsaci-

61 1253 164 1303 darum
178 1251 284 1302 tributa
302 1253 359 1303 illis
378 1253 558 1320 degentibus
575 1262 669 1323 parta,
697 1252 872 1324 regreditur;¹
889 1293 890 1298 η

61 1319 277 1386 ingensglor'ia,
308 1326 392 1388 atque
402 1337 437 1374 eo
452 1323 573 1376 ferocior
588 1331 616 1377 et
626 1327 759 1378 subiectis
771 1326 870 1378 intolc-
919 1340 921 1345 ’

63 1388 169 1440 ratior:
189 1390 249 1455 qui,
270 1389 335 1440 dolo
350 1395 415 1442 ante
425 1393 594 1458 composito,
613 1398 768 1454 incautum,
788 1408 870 1445 vena·

61 1459 190 1526 tionique
202 1459 347 1522 intentum,
369 1459 544 1523 interfecere,
564 1463 682 1527 primam
693 1464 766 1514 intra
777 1463 870 1514 iuven·
899 1474 902 1478 ·

12 1538 17 1543 ·
62 1532 136 1589 mm,
155 1527 205 1579 sed
215 1527 379 1581 claritudine
391 1543 492 1595 paucos
508 1532 583 1580 inter
597 1546 693 1583 senum
705 1532 825 1597 Regum,
845 1532 870 1581 si

63 1595 183 1663 perinde
194 1610 316 1647 amorem
327 1599 399 1652 inter
410 1598 568 1664 populares,
578 1612 659 1664 quam
671 1604 775 1650 metum
794 1596 869 1664 apud

61 1665 161 1717 hostes
181 1666 369 1731 quaesivisset.
405 1666 481 1719 Nece
499 1666 637 1718 Bardanis
657 1666 871 1731 turbataePar-

64 1733 179 1785 thorum
189 1748 234 1784 res
245 1735 318 1785 inter
328 1734 486 1803 ambiguos,
517 1736 579 1803 quis
589 1738 616 1787 in
628 1736 753 1803 Regnum
765 1739 871 1802 accipe-

62 1808 153 1853 retur.
189 1802 274 1852 multi·
290 1804 325 1854 ad
344 1803 485 1856 Gotarzen
501 1805 684 1868 inclinabant3
704 1806 815 1873 quidam
834 1805 871 1855 ad

63 1870 259 1934 Meherdaten,
270 1872 376 1937 prolem
387 1872 542 1936 Phrahatis,
557 1875 664 1925 obsidio
676 1874 754 1925 nobis
765 1876 870 1926 datum.

63 1941 131 1992 (lein
150 1939 308 2005 praevaluit
328 1941 472 1993 Gotarzes.
508 1944 801 2010 potitusqueregiam,
820 1958 870 2008 per

63 2010 209 2060 saevitiem
221 2009 357 2059 aelurum
367 2011 462 2078 adegit
470 2010 606 2075 Parthos,
625 2013 736 2063 mittere
747 2013 780 2063 ad
793 2012 871 2063 Prin·

63 2080 155 2143 cipem
166 2076 323 2148 Romanum
334 2080 455 2130 occultas
465 2096 571 2146 preces,
591 2082 662 2147 quis,
676 2080 804 2148 permitti
812 2078 871 2135 Me·

62 2145 196 2199 her-daton
203 2145 326 2212 putrium
336 2148 536 2219 adfertigium,
556 2150 681 2201 orabant.

116 2215 166 2268 Xl.
187 2214 286 2267 lisdem
299 2216 463 2267 Consulibus
479 2217 542 2269 ludi
557 2218 715 2272 saeculares
729 2220 869 2285 octingen-

61 2284 163 2335 tesimo
174 2289 236 2349 post
245 2283 360 2336 Romam
370 2286 519 2349 conditam,
538 2292 636 2355 quarto
647 2292 676 2339 et
685 2289 870 2355 sexagesimo,

81 2368 146 2403 uam
162 2353 304 2418 Augustus
319 2352 460 2417 ediderat,
480 2352 602 2420 spectati
610 2360 682 2407 sunt.
718 2352 870 2420 Vtriusque

60 2370 198 2485 ff'rincipis
208 2424 332 2474 rationes
342 2426 546 2489 praetermitto,
566 2424 634 2475 satis
644 2429 771 2475 namatus
783 2424 869 2482 libris,

62 2490 165 2557 quihus
182 2504 229 2541 res
249 2489 428 2555 Imperatoris
444 2492 599 2543 Domitiani
616 2494 767 2559 composui.
803 2506 869 2541 nam

61 2558 86 2608 is
101 2572 214 2625 quoque
230 2559 316 2611 edidit
331 2560 411 2611 ludos
426 2560 599 2623 saecularem
629 2563 719 2627 iisque
734 2558 868 2609 intentius
912 2569 915 2575 ’

61 2626 139 2678 adfui
151 2626 316 2679 Sacerdooo
330 2627 574 2693 quindecimvirali
589 2629 745 2747 praegigus,
765 2628 866 2676 actum
