2034 3025
21 163 24 172 ν
124 117 480 190 marianeno-7⁷2
516 117 801 190 [avenarum
834 123 870 175 cs

65 223 153 276 stitas·
190 221 574 289 necminuainbumanapars
583 225 746 291 viae,quam
759 226 870 276 Cremo·

64 305 163 344 nenses
174 289 254 343 lauro
264 292 390 358 rosisque
401 297 624 355 conseruerant,
643 295 793 362 enstrnctis
802 293 871 344 alta·

65 361 140 414 ribus
155 362 299 428 caesisque
313 360 450 424 victimis,
470 361 587 427 Regium
601 364 629 412 in
647 377 766 412 morem:
789 377 869 428 quae,

63 429 178 482 laetain
189 444 331 496 praesens,
349 444 415 481 rnox
429 429 580 496 perniciem
597 432 663 495 ipsis
678 430 778 483 iecere.
798 432 870 483 Ade-

62 503 127 550 rant
138 497 237 549 Valens
253 505 281 550 et
297 499 423 561 Caecina,
442 499 689 566 monstrabantque
704 515 813 566 pugnae
831 501 871 550 lo·

64 583 122 620 cos:
141 565 203 618 bine
216 566 350 634 inrupisse
363 567 498 635 legionum
512 583 620 636 agmen,
638 567 699 620 bine
713 568 815 635 equites
829 583 870 620 co·

63 646 152 691 ortos.-
168 635 230 687 inde
240 635 420 707 circumfusas
431 635 598 688 auxiliorum
607 653 711 689 manus.
748 638 872 689 laanri·

63 707 129 758 buni
140 703 344 772 Praefectique,
362 721 413 756 sua
423 708 540 773 quisque
551 705 625 758 iacta
635 706 810 770 extollentes,
821 706 873 757 ial-

63 790 105 836 sa,
123 787 202 835 vera,
220 780 269 825 aut
285 775 392 826 maiora
407 789 472 826 vero
488 777 650 827 miscebant
687 776 795 843 Vulgus
806 790 873 843 que·

63 857 119 912 que
129 841 257 906 militnm,
276 843 397 896 elamore
408 849 436 896 et
445 845 549 910 gaudio
560 844 709 897 deflectere
719 846 772 906 ria,
782 848 873 911 spatia

66 912 247 965 certaminum
260 927 470 980 recognoscere,
481 929 613 980 aggerem
624 920 872 977 armorum,strues
963 957 966 960 ,
984 922 991 928 ’

65 993 215 1048 corporum
226 982 337 1044 intueri,
356 984 461 1034 mirari.
497 985 534 1033 Et
544 989 632 1043 erant,
643 998 712 1050 qnos
724 985 804 1034 varia
814 982 872 1033 fors

65 1065 168 1112 rerum,
186 1050 372 1117 lacrimaeque
388 1053 619 1114 etmisericcrdia
633 1053 747 1103 subiret
775 1058 806 1102 et
816 1066 872 1101 non

65 1119 195 1173 Vitellius
213 1118 291 1170 ilexit
310 1120 415 1183 oeulos,
433 1113 484 1170 nee':
503 1126 548 1172 tot
562 1120 649 1170 millia
668 1121 871 1188 insepultorum

62 1189 166 1240 civium
183 1187 340 1239 exhorruit·
373 1189 464 1241 laetus
480 1189 569 1252 ultro,
588 1194 618 1241 et
632 1195 689 1240 tam
703 1192 872 1258 propinquae

63 1260 150 1310 sortis
161 1258 290 1324 ignarus,
308 1258 482 1310 instaurabat
491 1273 602 1311 sacrum
613 1258 675 1310 Diis
687 1260 751 1311 loci.

111 1323 217 1379 'LXXL
254 1327 325 1378 Exin
336 1327 481 1380 Bononiae
496 1343 517 1378 a
530 1329 618 1380 Fabio
632 1327 752 1381 Valente
768 1327 873 1395 gladia·
978 1318 982 1335 '

62 1402 159 1447 torum
179 1394 368 1460 spectaculum
388 1396 487 1460 editur,
506 1396 623 1448 advecto
641 1411 678 1448 ex
696 1397 766 1448 urbe
785 1396 871 1448 cultu.

64 1467 233 1531 Quantoque
252 1465 339 1530 magis
358 1466 575 1532 propinquabat,
610 1470 690 1517 tanto
709 1467 874 1533 conruptius

66 1538 133 1597 iter,
151 1534 275 1583 inmixtis
290 1531 471 1585 histrionibus
487 1539 515 1585 et
529 1534 683 1600 spadonum
698 1536 829 1603 gregibus
844 1540 874 1585 et

67 1610 161 1669 cetero
173 1600 349 1653 Neronianae
365 1602 446 1653 aulae
461 1604 582 1669 ingenio.
617 1600 736 1671 n'amqn‘e
751 1604 875 1656 etNero·

67 1688 130 1725 nem
141 1671 230 1739 ipsum
243 1670 373 1723 Vitellius
384 1671 568 1725 admiratione
577 1672 751 1736 celebrabat,
771 1674 874 1725 sectari

65 1746 228 1795 cantantem
248 1740 357 1804 solitus,
375 1756 431 1791 non
445 1744 622 1806 necessitate,
641 1757 695 1808 qna
713 1742 874 1795 honestissi-

67 1826 130 1863 mus
145 1812 270 1879 quisque,
289 1810 337 1861 sed
358 1810 426 1861 luxu
446 1817 475 1863 et
494 1813 608 1879 saginae
627 1813 801 1879 mancipatas
820 1828 874 1863 enr-

67 1889 195 1950 ptusque.
240 1881 280 1932 Vt
301 1880 414 1932 Valenti
434 1886 463 1932 et
482 1881 619 1933 Caecinae
638 1896 741 1932 vacuos
761 1880 875 1933 bonoria

67 1967 177 2003 menses
187 1952 315 2017 aperiret,
334 1952 452 2000 coartati
463 1949 583 2010 aliorum
595 1950 770 2014 Consulatus,
797 1950 875 2002 dissi·

68 2020 190 2072 mulatus
201 2019 409 2079 MartiiMaeri,
426 2023 567 2086 tamquam
582 2018 802 2072 Othonianarum
813 2035 874 2087 par·

68 2093 138 2141 tium
161 2090 260 2140 Ducis:
284 2092 314 2139 et
332 2088 477 2140 Valerium
497 2088 651 2151 Marinum,
670 2090 875 2143 destinatoma

67 2156 160 2210 Galba
170 2157 333 2218 Consulem,
350 2156 473 2219 distulit,
491 2157 702 2222 nnllaoffensa,
720 2160 770 2211 sed
780 2160 874 2210 mitem
900 2210 904 2218 ‚

3 2197 28 2259 ἢ
68 2232 99 2279 et
108 2225 236 2276 iniuriam
247 2224 370 2292 segniter
384 2226 516 2276 laturum.
553 2226 692 2279 Pedanius
703 2230 787 2280 costa
797 2227 880 2278 omit·-

6 2278 27 2331 Ἀ
67 2298 149 2358 titur,
168 2294 293 2361 ingratus
303 2292 435 2359 Principi,
444 2300 477 2345 nt
486 2296 620 2347 adversus
631 2294 771 2348 Neronem
781 2311 874 2359 ausus,

9 2348 25 2406 l
69 2370 98 2416 et
111 2363 233 2430 Verginii
251 2362 456 2413 exstimulatnr:
474 2364 523 2416 sed
538 2365 607 2417 alias
621 2366 740 2433 protulit
753 2380 873 2417 caumas.

9 2409 28 2525 2
69 2439 204 2500 actaeque
214 2434 328 2497 insuper
339 2430 450 2483 Vitellio
465 2438 587 2501 gratiae,
607 2435 808 2487 consuetudine
818 2449 873 2486 ser-

66 2503 134 2553 vitii.
372 2513 374 2517 “
589 2531 596 2540 1
633 2515 640 2521 ··

12 2556 32 2593 ‘l
120 2568 232 2623 Lxxu.
271 2566 331 2620 Non
342 2568 609 2637 ultrapancosdics,
627 2580 793 2639 quamquam
804 2571 871 2622 acri·

11 2614 119 2739 3¹1¹,qu
134 2640 220 2692 initiis
235 2640 377 2706 coeptum,
400 2640 574 2693 mendacium
588 2642 683 2693 valuit
707 2641 872 2691 Exstiterae
