2034 3025
173 132 212 187 u
292 130 516 191 nnunmvn
533 129 689 199 [n.v;7ea.
710 129 852 200 uon]

173 238 264 291 minus
284 232 471 297 miserabiles,
491 250 575 301 quam
593 248 663 300 quos
683 232 770 285 bostis
790 234 983 286 circumsidet.

174 306 274 373 quippo
289 304 345 364 illis
356 306 441 355 etiam
452 302 587 355 honestae
597 304 697 353 mortis
707 318 785 363 usus:
815 302 858 353 his
869 304 984 371 inglori-

88 392 89 399 ’
173 390 221 425 nm
237 374 361 425 exitium.
374 414 377 417 .
389 373 461 427 ,Lux
474 370 730 434 reddiditterram3
747 377 985 439 penetratumque

174 444 211 495 ad
223 458 332 495 amnem
341 440 496 508 Vnsingim,
506 453 560 507 quo
572 440 774 491 Caesenolasse
785 440 984 491 contenderat.

172 512 319 579 impositae
330 510 430 562 deinde
441 511 576 576 legiones,
586 514 706 576 regante
716 508 800 571 fama,
810 510 984 559 submersas:

173 597 226 635 uec
233 582 304 632 tides
315 580 429 644 salutis,
449 584 599 647 antequam
610 580 758 630 Gaesarem
770 578 984 645 exercitumque

174 648 307 703 reducem
317 648 422 701 videre.
718 657 723 665 ’

225 718 326 773 LXXI.
344 718 403 768 lam
414 716 576 779 Stertinius,
596 714 632 767 ad
643 714 831 781 accipiendum
842 716 872 765 in
881 714 983 771 dediti·
1012 720 1014 726 ’

175 784 257 840 ornem
280 786 471 854 Segimerum,
499 787 617 838 fratrem
636 782 773 851 Segestis,
802 784 984 850 praemissus,

173 858 262 923 ipsum
279 852 408 907 et'nlium
424 856 483 906 eius
498 856 527 905 in
542 856 679 905 civitatem
695 854 830 905 Vbiorum
845 852 984 919 perduxe·

173 930 228 977 rat.
248 924 315 987 data
323 926 434 990 utrique
444 925 539 986 venia3
550 922 632 975 facile
642 920 795 989 Segimero,
805 924 983 973 cunctantius

172 994 246 1056 tilio,
267 995 332 1060 quia
342 992 485 1053 Quinctilii
496 993 564 1045 Vari
576 1006 674 1057 corpus
684 991 814 1048 inlusisse
825 990 982 1041 dicebatur.
1012 1001 1013 1006 ’

174 1065 305 1114 Ceterum
329 1060 366 1114 ad
384 1061 537 1129 supplenda
557 1061 696 1112 exercitus
715 1060 818 1111 damna
835 1064 983 1112 certavere
1012 1089 1014 1096 ν

174 1132 298 1197 Galliae,
318 1132 485 1198 Hispaniae,
505 1131 600 1183 ltalia:
620 1129 694 1195 quod
705 1130 802 1195 cuique
812 1135 982 1194 promptum,
1012 1145 1014 1186 i

151 1215 265 1264 arma,
293 1196 393 1267 equos,
419 1214 531 1262 aurum,
554 1198 715 1251 offerentes.
734 1213 850 1265 quorum
865 1195 982 1249 laudato
1012 1195 1014 1224 ²

174 1270 266 1321 studio
283 1270 477 1332 Germanicus,
498 1270 582 1323 armis
598 1268 681 1319 modo
698 1273 727 1319 et
742 1268 819 1333 equis
830 1265 867 1316 ad
876 1266 981 1318 bellurn

173 1338 304 1405 sumptis,
324 1340 437 1405 propria
446 1338 565 1405 pecunia
575 1337 691 1388 militem
701 1337 777 1387 iuvit.
797 1340 883 1402 utque
894 1335 982 1386 cladis

174 1409 338 1459 memoriam
350 1409 435 1458 etiam
446 1409 577 1460 comitate
587 1406 697 1469 leniret,
708 1406 852 1456 circumire
863 1406 982 1465 sanctos,

174 1476 252 1530 faeta
271 1476 442 1546 singulorum
459 1476 609 1540 extollerc;
628 1475 743 1526 vulnera
751 1476 876 1536 intuens,
895 1472 981 1526 alium

142 1594 145 1601 .
175 1563 237 1614 spe,
253 1547 338 1599 alium
349 1545 454 1614 gioria,
474 1551 589 1598 cunctos
599 1545 724 1614 alloquio
735 1550 763 1597 et
774 1559 854 1607 cura,
872 1541 982 1613 sibique

178 1623 207 1670 et
218 1617 327 1684 proelio
337 1617 475 1673 firmabat.

229 1684 341 1737 LXXII.
361 1684 483 1736 Decreta
498 1699 533 1737 oo
548 1699 622 1736 anno
632 1681 981 1750 triumphaliainsignian.

176 1754 321 1813 Caecinae,
332 1751 364 1802 L.
375 1755 508 1818 Apronio,
515 1755 544 1804 C.
554 1754 633 1817 Silio,
640 1754 674 1805 ob
685 1768 730 1804 res
741 1768 804 1805 curn
814 1751 982 1809 Germanico
1012 1750 1013 1783 ³

174 1827 281 1890 gestas,
306 1819 413 1872 Nomen
433 1820 532 1875 Patris
546 1821 659 1889 patriae
677 1823 822 1882 Tiberius,
841 1836 858 1870 a
878 1819 981 1886 populo

173 1892 285 1957 saepius
295 1889 448 1956 ingestum,
457 1892 627 1957 repudiarit3
639 1906 728 1958 neque
739 1890 768 1940 in
779 1895 841 1941 acta
849 1903 902 1939 sua
913 1891 982 1939 iura·
1012 1946 1013 1953 ἵ

174 1961 213 2022 ri,
226 1964 228 1968 ’
240 1973 408 2026 quamquam
428 1965 560 2012 censente
580 1958 698 2022 Senatu,
716 1959 854 2025 permisit=
883 1964 982 2010 cuncto

141 2069 143 2073 .
174 2025 983 2147 niortaiinm·incerta;quantoqueplusadeptoyoremanto
1012 2034 1014 2047 '

175 2095 297 2166 somogia
306 2094 336 2147 in
345 2094 449 2147 lubrico
459 2096 599 2149 dictitans.
616 2102 673 2148 'non
683 2098 796 2149 temoni
816 2112 851 2149 eo
862 2095 983 2147 faciebat

175 2167 258 2218 fidem
279 2163 367 2216 civilis
381 2167 475 2218 animi.
510 2181 575 2218 nam
590 2166 681 2234 legem
695 2167 850 2218 maiestatis
864 2165 982 2217 reduxe-

175 2240 235 2299 rat3
256 2235 300 2286 oui
311 2248 413 2290 nomen
423 2235 497 2302 apud
507 2242 615 2288 veteres
625 2236 708 2299 idem,
719 2236 769 2287 sed
780 2235 837 2286 alia
846 2236 875 2284 in
886 2234 983 2284 iudici·

175 2320 223 2356 um
234 2303 395 2356 veniebant:
415 2306 510 2372 siquis
520 2306 679 2370 proditione
692 2305 857 2366 exercitum,
868 2309 919 2354 aut
926 2303 983 2370 ple·

147 2362 155 2382 ⁸
175 2374 239 2426 bem
250 2373 447 2436 seditionibus,
463 2373 583 2442 denique
592 2375 667 2426 male
677 2371 757 2442 gesta
766 2371 920 2439 republica
927 2385 983 2423 ma·

175 2439 305 2494 iestatcm
326 2442 421 2508 populi
436 2443 555 2494 Romani
569 2445 721 2495 minuisset
740 2443 816 2494 sacta
830 2442 984 2509 argueban-

175 2515 237 2573 tur,
256 2510 330 2561 dicta
348 2511 461 2576 impuno
481 2518 570 2563 erant
606 2513 716 2564 Primus
729 2511 875 2579 Augustus
891 2512 984 2578 cogni·
1012 2533 1014 2539 r

174 2578 327 2630 tionemde
337 2577 450 2630 {amosis
461 2579 576 2642 libellis,
601 2584 677 2648 pecie
688 2581 759 2648 legis
769 2580 984 2644 eius,traotarit,

107 2657 112 2661 “
177 2651 334 2704 commotus
345 2647 431 2699 Cassii
441 2647 538 2701 Severi
549 2597 677 2715 liSdine,
697 2666 753 2720 qua
765 2652 844 2703 viros
854 2649 985 2702 feminas

616 2754 622 2761 ι

1012 2770 1013 2783 i

906 2833 915 2844 ,
1012 2794 1013 2833 i
