2034 3025
159 119 211 171 roo
254 117 558 174 arraroarnnvn
577 118 866 188 [numanum

158 191 968 215 *Ἣ

155 229 297 289 posterum
308 223 478 287 celebratus,
498 226 623 291 quamvis
639 224 764 275 ludaicus
775 226 925 275 exercitus
937 228 967 280 V
967 265 975 277 .

156 293 226 344 Non.
238 292 289 345 lul.
299 292 373 360 apud
382 294 472 359 ipsum
482 294 611 355 iurasset,
622 306 655 343 eo
667 292 777 355 ardore,
786 297 819 344 ut
828 308 867 345 ne
882 294 975 347 Titus

154 362 267 429 quidem
278 362 352 413 tilius
363 364 582 429 exspectaretur,
593 360 678 429 Syria
686 376 822 422 remeans,
832 367 864 413 et
876 367 975 415 consi·

154 432 257 483 liorum
271 432 345 483 inter
358 432 520 483 Mucianum
535 444 567 482 ac
575 437 683 499 patrem
698 432 820 482 nuntias.
859 440 973 485 cuncta

110 561 113 565 A
153 502 250 567 inpetu
261 502 380 552 militnm
392 506 468 553 acta:
488 514 545 552 non
555 504 653 567 parata
663 500 797 553 concione
802 534 811 563 ,
830 514 891 552 non
902 516 974 554 con·

153 571 425 636 iunctislegionibas.
481 589 486 599 ’

206 638 317 690 LXXX.
354 640 426 691 Data
438 641 583 708 quaeritur
593 644 702 706 tempus
712 638 855 707 locusque,
876 641 972 707 quod·

154 723 208 777 quc
218 710 247 759 in
263 722 294 759 re
309 708 359 759 tali
370 709 577 773 difficillimum,
594 712 684 777 prima
697 724 767 771 vox,
787 708 853 760 dum
867 711 970 762 animo

153 792 225 842 spes,
234 778 328 839 timor,
336 779 418 842 ratio,
427 794 507 830 casus
519 780 713 831 obversantur:
735 792 878 846 egressum
889 780 970 831 cubi·

153 846 217 896 culo
232 844 432 912 Vespasianum
453 850 534 915 pauci
551 848 668 908 milites,
690 848 775 899 solito
790 847 969 900 adsistentes

153 915 261 975 ordine,
281 920 313 965 ut
329 915 465 984 Legatum
477 918 635 977 salutaturi,
654 914 848 984 imperatorem
859 917 971 969 saluta·

153 999 228 1037 rere.
252 985 324 1036 Turn
336 989 422 1039 ceteri
433 986 591 1050 adcurrere,
604 983 746 1038 Caesarem
757 991 786 1038 et
794 985 970 1055 Augustam,

155 1060 184 1105 et
204 1054 298 1105 omnia
317 1055 493 1123 principatus
510 1056 648 1109 vocabula·
665 1055 815 1107 cumulare.
852 1070 938 1107 mens
952 1072 970 1107 a

76 1138 82 1151 ⁴
154 1129 231 1175 metu
241 1122 277 1174 ad
287 1124 427 1177 fortunam
437 1126 597 1178 traruierat.
625 1127 656 1177 ln
667 1126 725 1192 ipso
736 1123 806 1175 nihil
816 1125 968 1185 tumidum,

155 1192 303 1260 adrogans,
314 1199 365 1245 aut
375 1197 404 1244 in
413 1195 498 1246 rebus
507 1196 586 1245 novis
597 1208 697 1246 norum
709 1192 770 1245 tuit.
798 1198 831 1244 ut
840 1196 967 1261 primum

155 1269 251 1315 tantae
262 1263 458 1314 vicissitudinis
473 1262 599 1315 obfusam
617 1262 705 1314 oculis
721 1262 868 1329 caliginem
883 1262 968 1315 disie-

156 1336 202 1397 cit,
217 1334 376 1386 militariter
385 1334 504 1395 locustas,
524 1332 599 1384 laeta
610 1333 703 1383 onmia
714 1337 743 1383 et
753 1331 912 1384 adlluentia
923 1348 967 1385 cx·

45 1401 49 1405 ’
154 1404 237 1471 cepit
273 1418 391 1473 namque
411 1402 439 1453 id
458 1404 549 1468 ipsum
566 1402 712 1470 opperiens
728 1402 888 1464 Mucianus,
911 1403 967 1453 ala·
1006 1422 1007 1478 p

155 1488 230 1527 crem
239 1475 358 1530 militem
369 1474 396 1526 in
412 1473 496 1525 rerba
505 1467 671 1540 Vespasiani
688 1470 790 1538 adegit
826 1470 903 1522 Turn
916 1473 968 1523 An·

155 1543 337 1596 tiochcnsium
348 1542 488 1594 theatrum
503 1543 658 1610 ingressus,
677 1542 724 1593 ubi
735 1540 791 1592 illis
801 1541 967 1592 consultare

155 1626 216 1664 mos
229 1618 280 1676 est,
291 1616 487 1664 concurrentes
497 1617 526 1663 et
535 1613 562 1662 in
574 1612 762 1664 adulationem
773 1609 878 1662 effusos
890 1612 968 1662 adlo·
1005 1677 1006 1680 Ἴ

155 1683 262 1750 quitur:
283 1683 351 1731 satis
366 1681 484 1732 decorus
499 1680 582 1733 etiarn
595 1681 702 1734 Graeco
717 1679 857 1742 facundia,
878 1682 969 1731 omni·
1005 1683 1006 1700 ¹

155 1764 343 1817 umque,quae
354 1749 549 1816 dicerctatquc
561 1755 732 1818 ageretarte
743 1745 863 1818 quadam
874 1757 968 1802 osten·

155 1827 240 1870 tator·
275 1818 351 1869 Nihil
361 1834 448 1886 aeque
461 1820 629 1884 provinciam
648 1821 857 1887 exercitumque
868 1833 969 1873 accen-

155 1890 210 1953 dit,
229 1902 312 1955 qnam
321 1888 396 1954 quod
407 1887 588 1940 adseverabat
597 1889 757 1952 Mucianus,
777 1886 909 1940 statuisse
926 1888 967 1940 Vl·
1004 1883 1005 1922 ἶ

65 1958 68 1964 “
131 2017 136 2022 ‚
156 1957 270 2020 telle’um,
279 1966 311 2008 ut
320 1957 494 2009 Germanicas
504 1957 622 2025 legiones
631 1956 784 2026 inSyriam,
793 1957 967 2012 admils‘te'am

156 2028 309 2092 opulentam
323 2025 507 2090 quietamque,
526 2026 694 2098 transferret
700 2042 711 2086 ;
732 2025 861 2080 contrad
879 2025 967 2093 isiacis

156 2094 306 2163 legionibus
319 2093 480 2148 Gemmnica
491 2092 615 2157 hiberna,
634 2097 705 2148 'coelo
722 2111 754 2147 ac
770 2044 910 2148 intortius
922 2097 967 2146 du·

157 2181 200 2228 ra,
215 2172 395 2218 mutarentur.
431 2163 541 2230 Quippe
556 2170 584 2214 et
598 2164 782 2232 provinciales
795 2170 885 2234 sueto·
894 2167 967 2216 mili·

158 2243 218 2286 tnm
232 2235 413 2286 contubernio
427 2231 597 2300 gaudebant,
621 2232 745 2300 plerique
755 2231 966 2286 necessitudini-

122 2329 124 2333 ·
159 2307 211 2354 bus
221 2310 251 2356 et
259 2304 511 2371 propinquitatibus
522 2304 616 2365 mixti3
636 2307 665 2354 et
675 2302 811 2353 militibus
821 2310 966 2355 vetustate

155 2373 355 2437 stipendiorum
366 2379 434 2422 nota
443 2375 472 2422 et
482 2371 634 2422 familiaria
644 2375 738 2423 castra
747 2372 776 2436 in
787 2371 906 2426 moduni
918 2373 965 2427 Pe-

155 2442 261 2491 natium
273 2435 466 2507 diligebantur.
783 2483 785 2488 .
876 2434 905 2498 l*

206 2507 335 2559 lrxxxl.
369 2509 441 2559 Ante
460 2507 525 2559 ldus
544 2508 594 2559 lul.
615 2507 698 2576 Syrio
714 2509 802 2559 omnis
816 2509 845 2559 in
877 2501 882 2514 ⁸
910 2514 957 2566 den

59 2583 62 2586 ’
155 2581 330 2627 sacramento
349 2574 411 2625 suit.
456 2578 602 2628 Accessere
622 2592 683 2628 cum
699 2576 795 2643 Regno
815 2576 872 2630 Son
889 2570 892 2581 ’
907 2597 960 2642 nus,

155 2643 228 2694 haud
239 2643 403 2724 spernendis
413 2644 531 2708 uiribus3
550 2644 709 2707 Antiochus,
728 2648 845 2696 vetustis
919 2657 923 2670 ·
942 2643 945 2650 “
