2034 3025
66 99 70 110 ·
142 78 194 147 124
264 64 870 143 ANNAleMfflqu.acan]¹

138 182 219 252 pltat,
246 181 302 232 iam
320 180 409 241 senior
424 178 654 249 peregrinationis
673 178 842 235 suburbanae
859 180 942 235 inane

65 272 74 317 j
121 248 287 320 praemium
293 258 407 315 peteret.
506 253 509 258 “
838 253 842 263 “

136 376 140 386 ‚
189 318 310 372 XLVlll.
333 315 390 369 Sub
400 316 473 369 idem
483 323 604 382 tempus,
623 324 656 367 at
666 332 736 369 mars
748 316 862 385 Sulpicii
874 314 943 379 Qui·

135 386 193 441 rini
197 386 314 453 publicis
324 385 455 451 exsequiis
459 385 704 456 frequentaretur,
718 390 819 452 petivit
829 400 846 435 a
857 384 942 437 Sena-

135 463 176 508 tu.
212 454 287 505 Nihil
296 454 331 506 ad
341 461 463 505 veterem
475 459 503 505 et
514 456 659 519 patriciam
670 454 851 521 Sulpiciorum
863 454 942 509 sami-

135 525 202 577 liam
214 525 345 585 Quirinus
359 524 506 589 pertinuit,
526 528 603 573 ortus
619 524 692 589 apud
703 526 879 589 municipium
891 522 944 573 La·

84 639 87 642 ,
138 592 264 645 nuviumi
284 590 334 642 sed
349 594 467 657 impiger
475 590 606 655 militiae,
617 598 645 648 et
656 594 763 644 acribus
773 593 944 653 ministeriis,

138 661 321 713 Consulatum
336 660 436 732 subp.
451 661 588 726 Augusta,
614 676 690 723 mox,
715 666 879 727 expugnatis
895 676 945 730 per

140 730 264 781 Ciliciam
278 727 537 779 Homonadensium
553 729 689 790 castellis,
714 730 834 797 insignia
849 731 945 781 trium·
972 743 977 746 ·

140 798 187 866 phi
198 797 326 862 adeptum
350 796 488 862 datusque
497 802 593 847 rector
603 798 631 857 C.
643 799 768 859 Caesari,
788 798 945 849 Armeniam

141 866 293 927 obtinenti,
302 866 446 917 Tiberium
456 878 581 931 quoque,
601 865 691 917 Rhodi
702 872 844 935 agentem,
856 866 947 917 colue·
1011 892 1012 896 =

141 940 194 987 rat.
213 934 289 1001 quod
307 939 374 985 tunc
393 934 526 999 patefecit
537 936 573 985 *in
591 932 708 985 Senatu:
733 934 854 987 laudatis
872 935 947 1001 inse

142 1003 252 1063 officiis,
271 1007 300 1053 et
318 1004 446 1053 incusato
466 999 504 1051 M.
525 1000 626 1065 Lollio,
645 1010 901 1069 quem,aactorem
914 998 945 1051 C.

144 1065 256 1123 Caesari
262 1069 414 1137 pravitatis
423 1079 451 1121 et
461 1069 672 1133 discordiarum,
682 1072 824 1138 arguebat.
843 1069 891 1120 sed
903 1084 946 1120 ce-

112 1139 115 1143 ’
140 1141 210 1191 teris
230 1139 305 1190 haud
324 1139 400 1191 laeta
419 1139 553 1190 memoria
568 1139 676 1201 Quirini
687 1144 759 1201 orat,
780 1140 815 1190 ob
832 1140 947 1199 intenta,

113 1274 119 1281 .
135 1218 175 1280 lut
184 1208 348 1269 memorari,
358 1208 481 1274 Lepidae
490 1208 823 1275 pericula,sordidamque
832 1211 860 1271 et
869 1220 946 1273 prae-

79 1295 86 1303 ·
142 1281 285 1345 potentem
296 1281 447 1327 senectam.

195 1344 292 1396 xciii
311 1343 379 1395 Fine
389 1346 467 1407 anni,
479 1346 508 1396 C.
517 1343 664 1397 Lutarium
675 1344 809 1407 Priscum,
819 1345 946 1411 Equitem

142 1414 313 1476 Rauranum,
337 1419 401 1479 post
410 1414 519 1465 celebre
529 1428 653 1477 carmen,
672 1429 726 1487 quo
738 1413 895 1466 Germanici
905 1428 947 1463 su·

66 1538 69 1545 .
142 1498 239 1551 prema
249 1482 411 1546 defleverat,
421 1484 536 1548 pecunia
547 1482 678 1535 donatum
690 1497 706 1533 a
717 1481 948 1546 Caesaraionri·

115 1613 116 1618 Ἰ
141 1554 203 1620 puit
221 1551 344 1614 delator,
368 1552 523 1614 obiectans,
547 1549 741 1620 aegeo'Draso
763 1549 948 1618 composuisse,

111 1624 115 1634 '
143 1621 226 1687 qaod,
245 1619 429 1672 &exstinctus
434 1620 530 1689 foret,
538 1619 639 1670 raaiare
646 1619 768 1686 praemia
779 1621 946 1687 vulgaretur.

142 1689 176 1740 ld
186 1690 215 1738 C.
226 1689 360 1738 Lutarius
374 1689 405 1736 in
414 1688 496 1737 domo
507 1687 536 1737 P.
549 1686 683 1748 Petronii,
702 1701 783 1738 socru
793 1689 852 1738 eius
864 1684 950 1738 Vitel-

132 1757 183 1807 'lia
193 1769 300 1816 coram,
319 1754 468 1821 multisque
478 1749 641 1805 inlustribus
654 1754 777 1817 feminis,
787 1749 837 1820 per
845 1754 948 1806 vanilo-

144 1826 287 1892 quentiam
310 1822 425 1888 legerat.
460 1824 499 1875 Vt
519 1821 628 1872 delator
649 1823 767 1884 exstitit3
793 1823 893 1874 ceteris
913 1822 948 1874 ad

58 1939 61 1944 .
145 1892 293 1944 dicendum
303 1891 493 1941 testimonium
504 1890 658 1951 exterritis,
673 1890 734 1941 sola
743 1890 868 1953 Vitellia,
879 1889 952 1942 nita

144 1959 329 2021 scandicina,
349 1958 529 2016 adseveravit.
558 1958 607 2009 sed
625 1960 803 2027 arguentibus
814 1959 950 2024 adparui-

77 2057 79 2070 ·
145 2032 216 2087 ciem
232 2027 292 2093 plus
306 2025 371 2078 fidei
387 2026 450 2077 suit.
478 2029 669 2096 sententiaque
684 2027 795 2079 Haterii
804 2030 949 2094 Agrippae,

146 2095 276 2148 Consulis
286 2095 569 2162 designati‚indictum
580 2096 768 2148 renuitimum
776 2097 947 2162 supplicium.

111 2211 114 2215 ,
164 2219 167 2222 ,
198 2165 230 2215 L.
240 2165 343 2214 Contra
353 2164 390 2214 Μ.
396 2164 517 2229 Lepidus
528 2167 557 2214 in
567 2163 639 2216 hunc
649 2165 760 2216 modum
772 2167 887 2216 exorsus
898 2171 947 2217 est.

147 2233 193 2295 Si,
212 2231 247 2283 P.
261 2230 291 2282 0.
311 2247 395 2285 anum
406 2231 436 2283 id
448 2241 612 2300 spectamur,
631 2247 711 2298 paam
724 2232 833 2354 soffia
845 2249 906 2286 aace
918 2231 949 2283 0.

103 2306 105 2313 '
148 2300 281 2360 Lutatiae
290 2299 401 2352 Priscus
416 2310 738 2360 mentemtuametaaret
782 2301 883 2353 mittam
892 2303 949 2369 poi·

148 2368 948 2436 luerit,neaaecarcer‚neqaemantuaneseroiletaaidem

149 2438 301 2502 natatus,
312 2438 342 2491 ia
352 2455 412 2491 eum
420 2437 587 2506 suffecerint.
610 2438 698 2507 tiafla
720 2438 773 2490 itia
783 2447 810 2489 et
815 2437 948 2512 suanam

149 2507 206 2561 stne
214 2507 290 2560 mado
300 2516 373 2569 sant,
380 2507 518 2575 suppliciii
528 2525 561 2560 ac
572 2457 845 2574 remediisgl'rincipit
865 2507 949 2558 mode·

56 2623 59 2628 ,
116 2646 121 2654 .
148 2577 238 2641 rofio,
260 2575 443 2644 maiorumque
456 2585 484 2631 tt
500 2585 591 2632 oestro
605 2578 724 2646 exempla
737 2582 902 2647 temperant.-
920 2582 948 2630 et
