2034 3025
63 89 71 99 ”
114 95 461 180 'nraircnrsasu
498 123 781 198 [pameneae]
820 129 870 184 ¹⁰⁵
919 201 923 204 ¹·

66 236 180 296 caedes,
200 232 264 300 post
276 234 439 286 seditionem
450 237 539 287 Ticini
555 243 681 302 coeptam
691 245 820 291 manente
831 241 869 292 le·

66 307 180 372 gionum
189 301 410 370 auxiliorumque
420 303 573 368 discordin3
587 305 634 356 ubi
644 306 776 358 adversus
787 323 869 374 paga·

66 388 119 424 nos
129 371 292 424 certandum
304 371 387 434 foret,
397 387 541 424 consensu.
570 371 624 424 Sed
635 374 752 438 plurima
762 381 871 442 strages

9 476 11 481 -
67 441 106 494 ad
114 441 260 507 septimum
271 441 306 490 ab
317 441 385 492 urba
400 441 529 506 lapidem.
565 441 680 510 siugulis
690 444 728 494 ibi
739 443 871 495 militibus

67 509 200 563 Vitellius
211 517 324 574 paratos
335 509 418 572 cibos,
438 517 470 562 ut
478 511 674 578 gladiatoriam
686 513 820 580 saginam,
832 513 871 564 di·

67 578 192 630 videbat:
212 575 343 641 etelfusa
357 577 451 644 plebes
469 583 537 638 totis
551 595 580 632 se
598 582 695 632 castris
713 583 869 632 miscuerat.

2 649 12 667 ⁸
66 648 228 700 incuriosos
243 646 353 708 milites,
372 648 522 699 vernacula
541 649 690 700 utebantur
704 651 871 711 urbanitate,

87 716 180 766 uidam
189 715 353 780 spoliavere,
363 715 474 767 abscisis
486 717 582 769 furtim
592 719 699 780 balteis,
710 735 746 771 aa
755 718 872 770 accincti

61 731 169 856 jurent,
179 786 340 850 rogitantes.
368 783 432 836 Non
440 785 506 837 tulit
515 786 663 839 ludibrium
673 788 797 840 insolens
808 802 872 839 cou-

67 853 326 906 tumeliacanimus:
337 854 470 906 inermem
482 857 612 922 populum
624 857 724 924 gladiis
735 859 870 915 invasere.

68 935 166 974 caesus
176 923 251 973 inter
259 922 330 974 alios
341 925 422 989 pater
432 924 537 986 militis,
553 938 612 976 cum
625 926 712 976 tilium
724 927 870 985 comita-re·

66 996 128 1055 tujr3
149 991 251 1044 deinde
261 993 383 1059 agnitus:
402 997 438 1054 et,
449 993 562 1061 vulgata
572 994 664 1056 caede,
684 1001 869 1060 temperatum

67 1061 102 1112 ab
113 1062 242 1113 innoxiis.
266 1062 311 1111 :lu
321 1062 390 1112 urbe
400 1065 493 1112 tamen
505 1063 869 1128 trepidatumpraecurren·

64 1131 140 1180 tibus
159 1131 261 1195 passim
282 1128 424 1180 militibus.
469 1129 572 1182 Forum
593 1133 710 1184 maximo
730 1134 869 1197 petebant,

66 1198 195 1264 cupidine
204 1197 311 1250 risendi
321 1198 422 1261 locum,
430 1199 459 1248 in
470 1189 525 1268 qrio
536 1198 625 1250 Galba
635 1199 773 1252 iacuisset.
809 1200 868 1254 Nec

63 1270 155 1320 ninus
164 1283 278 1320 saevum
287 1267 475 1334 spectaculum
487 1273 568 1319 eraut
578 1270 638 1334 ipsi,
648 1272 734 1337 tergis
745 1269 867 1322 ferarum

64 1342 94 1389 et
103 1338 261 1404 ingentibus
271 1337 336 1386 telis
346 1335 505 1400 horrentes,
520 1352 581 1388 cum
592 1338 701 1388 turbam
712 1338 806 1404 populi
817 1352 867 1404 per

62 1407 202 1458 inscitiam
215 1419 312 1472 parum
327 1403 462 1464 vitarent,
482 1410 544 1467 aut,
564 1405 610 1455 ubi
625 1405 732 1456 lubrico
747 1407 807 1457 riae
823 1405 867 1457 rel
919 1419 925 1426 “

28 1468 31 1473 ’
64 1488 184 1527 occursu
202 1472 320 1523 alicuius
337 1472 528 1538 procidissent,
549 1472 583 1523 ad
604 1473 733 1539 iurgium,
752 1489 817 1525 mox
831 1472 867 1527 ad

63 1557 162 1595 manus
177 1547 206 1593 et
220 1541 324 1592 serrum
337 1541 496 1591 transirent
533 1541 606 1603 Quin
622 1547 651 1592 et
661 1544 775 1593 Tribuni
787 1542 880 1593 Prae·-

63 1611 187 1681 fectique
201 1623 263 1664 cum
278 1614 387 1664 terrore
409 1614 438 1663 et
452 1614 624 1665 umerorum
640 1612 756 1669 catervis
770 1610 866 1665 volita·
908 1626 910 1632 ¹

62 1682 267 1803 banfiXXfflX.
302 1750 365 1819 lpse
373 1749 512 1813 Vitellius,
523 1758 632 1872 sponte
643 1750 749 1815 Milvib,
764 1738 865 1827 insigni

63 1836 144 1887 equo,
163 1820 312 1887 paludatus
322 1823 529 1888 accinctusque,
568 1827 681 1873 enatum
692 1825 720 1872 et
729 1818 865 1885 Populum

63 1895 128 1941 arrte
138 1905 167 1941 sc
176 1905 270 1957 agens,
281 1905 334 1957 quo
346 1892 445 1953 urinas,
465 1896 498 1940 ut
508 1897 624 1955 captam,
635 1890 731 1941 urbem
741 1886 864 1955 ingrede-

62 1962 149 2020 retur,
160 1960 310 2010 amicorum
323 1960 439 2010 consilio
449 1959 609 2021 deterritus,
619 1962 730 2023 sumpta
739 1961 864 2024 praetex-

62 2031 131 2077 taet
141 2029 293 2092 composito
303 2029 421 2093 agmine,
432 2028 551 2077 incessit.
588 2027 715 2095 Quatuor
725 2027 865 2093 legionum

62 2093 172 2160 aquilae
186 2109 236 2159 per
252 2094 382 2159 frontem,
401 2096 573 2162 totidemque
591 2097 665 2147 circa
681 2110 695 2147 e
710 2095 865 2163 legionibus

62 2163 126 2215 aliis
136 2160 247 2225 vexilla,
257 2178 322 2214 mox
331 2165 392 2217 xii.
403 2164 510 2216 alarum
527 2166 620 2230 signa,
630 2170 732 2231 etpost
742 2164 865 2230 peditum

63 2230 184 2291 ordines,
202 2245 299 2297 eques:
319 2232 382 2283 dein
403 2238 524 2299 quatuor
543 2238 571 2283 et
590 2232 669 2285 XXX
686 2231 867 2295 cohortes,ut

62 2299 177 2351 nomina
186 2300 318 2366 gentium,
329 2306 377 2351 aut
385 2302 492 2365 speeies
502 2316 643 2353 armorum
653 2301 754 2363 forent,
765 2301 866 2353 disere·

62 2374 119 2420 tae.
139 2369 225 2430 ¹Ante
235 2368 356 2435 aquilam
372 2368 510 2421 Praefecti
527 2372 679 2423 castrorum
695 2370 865 2436 Tribunique
945 2402 954 2407 -

63 2444 93 2490 et
106 2437 189 2504 primi
203 2438 415 2500 centurionum,
435 2438 553 2489 candida
569 2446 658 2491 reste:
682 2440 768 2491 ceteri
787 2440 866 2488 iuxta

63 2520 142 2557 suam
152 2504 269 2572 quisque
283 2508 449 2569 centuriam,
468 2510 552 2559 armis
568 2508 702 2573 donisque
718 2506 866 2573 fulgentes.

63 2578 101 2629 Et
111 2573 230 2626 militum
240 2573 373 2640 phalerae
381 2581 548 2643 torquesque
559 2577 749 2644 splendebant.
785 2573 865 2624 deco·

64 2642 207 2712 raiacies,
226 2649 255 2699 et
264 2658 321 2697 uon
332 2644 450 2699 Vitellio
463 2644 590 2712 Principe
606 2646 704 2714 dignus
719 2644 865 2697 exercitus.
