2034 3025
192 85 249 138 DE
267 83 493 139 GERMANlA
513 85 735 148 ciali-ii.
819 93 875 150 w

68 193 215 246 discrimen
235 191 332 260 capitis
351 189 504 244 intendere.
538 191 697 255 ,Distinctio
717 206 873 265 poenam

69 277 105 316 ex
119 260 230 314 delicto.
266 261 422 328 proditores
442 265 471 314 et
485 261 645 332 bruningus
663 265 810 320 arboribus
827 281 874 322 su·

68 331 343 398 spenduntzignaros
353 336 382 382 et
391 329 508 384 inbelles
518 336 548 385 et
558 347 674 400 corpure
684 335 803 390 infames
812 351 875 392 coe·
892 347 897 357 ·

67 417 104 453 no
114 415 148 452 ac
156 401 267 467 paliuris,
277 401 379 452 iniecta
387 402 502 468 insuper
510 406 741 472 crammergunt.
774 407 872 470 Discr-

65 475 135 525 sitas
145 471 273 537 supplicii
282 469 350 522 illuc
359 473 483 538 respicit,
492 476 636 539 tamquam
644 473 753 528 scolam
761 477 874 530 ostendi

66 546 203 610 oporteat,
223 539 288 590 dum
298 542 463 606 puniuntur,
482 539 742 610 flagitiaabtcundi.
778 544 875 601 Sedet

64 611 215 664 levioribus
225 608 349 674 delictis,
367 624 417 676 pro
428 610 525 673 modo,
543 625 642 677 poena.
677 605 814 680 equorum
826 629 873 683 pa·

65 694 217 747 corumque
231 693 347 735 numero
361 681 477 731 convicti
491 680 654 732 multantur.
663 695 678 720 t
689 693 754 748 pars
763 684 873 739 multae

63 751 141 816 Regi,
153 748 197 799 vel
209 746 322 811 civitati,
332 750 467 816 parsioni,
477 751 523 818 qui
535 751 699 814 vindicatur,
708 746 753 805 v'al
761 756 876 823 propin·
957 786 962 796 =-

82 820 125 869 uis
136 819 195 870 eius
205 817 366 872 exsolvitur.
402 819 552 888 diliguntur
560 821 590 872 in
599 820 697 874 iisdem
707 823 831 874 conciliis
841 827 873 876 oi
983 817 989 843 “

62 836 213 954 ῧήηοῑροῆ,
225 889 271 956 qui
282 889 345 941 iura
355 900 499 957 perpagos
509 890 640 974 vicosque
649 889 777 944 reddant
799 889 872 945 Cen·

62 959 120 1010 teni
131 956 248 1026 irrignlis
259 973 294 1011 eu
305 958 385 1024 plebe
395 961 522 1022 constas,
529 957 674 1012 curulium
687 961 772 1013 simul
782 967 812 1016 at
821 976 871 1016 au·

62 1030 188 1089 ctoritas,
204 1027 313 1077 adsunt.
420 1077 423 1082 ,

116 1097 191 1149 xiii.
208 1093 288 1146 Nihil
298 1099 393 1147 antam
404 1106 496 1162 nequa
505 1093 634 1160 publicae
644 1098 870 1166 neqnepriratac
937 1122 940 1131 ·

60 1167 119 1228 rei,
143 1165 198 1214 nisi
210 1164 312 1214 armati
322 1167 419 1230 agunt.
455 1157 512 1214 Sed
521 1178 601 1221 arma
609 1177 722 1216 sumere
732 1181 789 1219 non
799 1172 871 1220 anic

59 1236 190 1304 cuiquam
200 1234 287 1286 moris
294 1268 302 1295 ,
332 1245 413 1300 qnam
424 1232 524 1284 civitas
540 1232 722 1286 suffecturum
733 1237 870 1301 probaro·

60 1305 108 1358 rit.
144 1305 216 1356 Tum
232 1305 262 1354 in
278 1303 341 1368 ipso
356 1301 488 1364 concilio,
518 1304 564 1354 rel
580 1302 739 1368 Principum
753 1303 869 1373 aliquis,

58 1373 106 1424 vel
117 1379 207 1440 pater,
217 1372 263 1423 vel
273 1374 458 1438 propinquus,
469 1377 550 1423 sento
560 1371 724 1438 frameaque
734 1373 868 1424 invenem

61 1447 173 1495 ornant.
210 1439 280 1491 haec
290 1438 363 1505 apud
377 1437 442 1491 illos
451 1441 535 1506 toga,
563 1438 869 1506 hicprimusinrentae

59 1510 165 1564 honos:
193 1514 261 1561 ante
272 1507 672 1574 hocdomnsparsvidentnr‚-
691 1507 870 1582 murileipu·

60 1581 161 1633 blicae.
182 1580 319 1647 insignis
334 1577 484 1641 nobilitas,
514 1584 563 1630 aut
576 1594 680 1647 magna
688 1585 799 1646 patrum
810 1594 867 1630 mc·

60 1652 133 1713 nita,
165 1648 305 1715 Principis
325 1646 520 1713 dignationem
540 1650 627 1699 ctiam
646 1648 867 1705 adolescentulis

11 1772 16 1789 ,
61 1720 227 1787 adsignant:
245 1716 348 1768 ceteris
359 1714 568 1768 robustioribus
577 1718 674 1767 eciam
685 1717 793 1783 pridem
803 1729 868 1784 pro·

59 1790 137 1843 batis
157 1788 358 1855 adgregantur.
395 1798 448 1835 nec
462 1785 564 1847 rubor,
591 1787 668 1837 inter
686 1788 805 1837 comites
818 1785 880 1838 ad·-

59 1859 141 1926 spici.
178 1856 289 1909 Gradus
304 1855 372 1922 quin
388 1854 473 1905 ctiam
491 1856 591 1920 etipse
605 1856 755 1909 comitatus
768 1854 867 1919 babet,

58 1928 163 1981 iudicio
173 1928 245 1989 cius,
255 1938 337 1993 quem
348 1928 507 1976 sectantur:
522 1938 681 1992 magnaque
692 1930 721 1975 et
731 1926 866 1975 comitum

59 1998 228 2057 aemulatio,
251 1996 351 2063 quibus
362 1994 467 2061 primns
480 1993 553 2058 apud
564 1993 722 2060 Principem
732 2009 812 2046 snum
823 1994 866 2047 lu·

60 2080 124 2129 cns;
144 2056 358 2130 etPrincipumJ
370 2063 413 2113 cni
424 2063 537 2129 plurimi
558 2069 587 2114 et
596 2063 726 2114 acerrimi
737 2065 866 2115 comites.

58 2135 285 2202 Haecdignitas‚
302 2132 457 2193 baccinas,
475 2146 578 2199 magno
588 2142 700 2199 semper
709 2130 877 2184 electorum·

58 2207 191 2257 iuvenum
203 2204 288 2271 globo
299 2200 480 2264 circumdari,
508 2203 538 2251 in
547 2217 616 2269 pace
626 2201 727 2263 deciis,
749 2201 779 2250 in
788 2200 866 2251 bello

57 2274 239 2345 praesidium.
277 2271 336 2323 Nec
355 2271 445 2322 solnm
460 2270 489 2319 in
505 2285 557 2321 aua
570 2277 656 2337 gente
671 2270 786 2336 cuique,
811 2266 877 2319 scd

59 2344 134 2413 apud
144 2344 280 2394 finitimas
289 2351 401 2407 quoqne
411 2338 541 2391 civitates
550 2340 580 2391 id
590 2354 709 2400 nomen,
726 2351 761 2390 ca
770 2336 866 2405 gloria
921 2349 931 2392 ,’

60 2418 114 2475 est,
133 2414 158 2465 si
168 2426 284 2464 numero
295 2424 328 2460 ac
337 2410 443 2459 virtute
454 2408 605 2459 comitatus
616 2409 750 2461 emineat.
784 2420 867 2473 expe

56 2480 162 2536 'tuntur
174 2484 248 2533 enim
263 2477 453 2547 legationibus
469 2482 499 2529 ct
509 2478 677 2529 muneribus>
686 2478 868 2529 ornanturet

56 2544 649 2685 ipfflxliss'mffizgiiinuiirbfficliaffiffi
659 2559 782 2685 principi
811 2612 863 2665 vis
916 2603 919 2607 ’

178 2657 184 2671 ·
426 2670 428 2672 -
541 2652 550 2681 s
673 2674 678 2685 ,
782 2649 792 2679 ι
871 2639 879 2655 ’
