2034 3025
161 129 194 184 ro
241 87 558 185 ‘nisronmnnn
578 129 874 204 [transeam

159 204 964 228 ..--...-.....-.-.-........,.

135 245 242 292 ‘steros
260 240 302 290 cel
318 235 412 305 glorio
431 235 575 305 dietsbgui·
611 237 665 303 Ac,
692 237 872 294 rinocerotem
891 240 969 295 innu-

156 316 309 377 centemqoe
322 305 625 371 immurmurantem,
642 307 758 361 acrioris
767 307 896 375 ortae,
914 327 968 365 ose·

108 421 111 426 .
155 377 212 430 rito
241 377 320 430 crire.

208 395 296 499 gxii.
332 445 395 500 Non
412 444 602 498 arat0thonis
617 445 710 498 mollis
725 451 755 500 et
769 447 880 515 corpori
890 449 967 502 siml·

155 516 192 569 lis
202 519 320 568 animus.
354 519 389 568 lit
398 516 489 567 intimi
501 517 666 589 libertorum
677 532 886 585 servorumque,
905 534 966 571 cor.

155 591 266 655 ruptius
276 600 358 654 quam
369 588 397 635 in
409 587 518 652 privata
529 587 612 639 domo
623 585 719 650 babitl,
739 586 833 638 aulam
843 587 965 641 Neronis

156 657 288 718 etluxus,
306 655 459 718 adulteria,
477 659 664 720 matrimonia,
683 653 965 726 'ceterasquellegno-

50 723 54 729 ’
155 741 218 778 rum
229 725 367 788 libidines,
378 725 459 776 avido
470 726 578 789 talium,
593 728 616 776 si
627 726 752 789 auderet,
766 732 799 777 ut
808 741 860 777 sua
870 733 964 778 osteu-

156 800 262 857 tnntcs3
280 796 444 862 quiescenti,
463 794 607 857 utalicna,
624 796 843 861 exprobrabant:
862 810 964 864 urgen-

156 866 231 915 tibus
241 865 324 915 etiam
342 862 560 928 mathematicis,
579 865 644 915 dum
661 873 851 927 nqoosrnotue,
869 873 897 916 et
906 868 964 917 cla·

155 949 216 986 rum
229 930 333 984 Othoni
342 949 451 996 annum,
462 933 648 986 obseruatione
658 933 785 998 siderum,
797 934 962 986 adfirmante

155 1014 244 1071 genus
255 1001 395 1054 hominum
407 1004 566 1068 potentibus
578 1003 706 1066 infidum,
725 1005 899 1071 sperantibus
909 1004 962 1055 fal-

156 1071 218 1134 lax,
236 1071 354 1140 quoslin
369 1074 479 1124 civitate
493 1079 590 1124 nostra
600 1079 630 1126 ot
639 1074 779 1126 vetabitur
790 1088 914 1140 semper,
933 1078 965 1132 et,

155 1142 330 1193 retinebitur.
366 1141 474 1192 Multos
495 1148 605 1194 secreta
623 1143 769 1210 Poppaeae
788 1142 963 1195 mathemati·

154 1225 212 1273 cos,
222 1213 371 1278 pessimum
384 1210 548 1279 Principalis
558 1213 727 1266 matrimonii
738 1215 963 1276 instrumentum,

155 1279 321 1333 habuerant=
341 1295 357 1332 e
374 1281 473 1347 quibus
488 1278 682 1345 Ptolemaeus,
700 1281 804 1334 Othoni
818 1282 847 1333 in
861 1282 963 1347 Hispa·¹

96 1417 100 1421 .
154 1353 203 1402 uia
212 1365 319 1413 comcs,
340 1365 401 1401 cum
416 1351 627 1423 superfuturum
641 1367 701 1405 eam
712 1351 815 1404 Neroni
825 1350 964 1418 promisis-

105 1420 115 1431 ‘
154 1426 207 1484 set,
224 1425 369 1489 postquam
381 1435 416 1472 ex
427 1428 528 1474 eventu
539 1422 621 1484 tides,
640 1426 801 1474 coniectura
811 1423 866 1472 iam
877 1426 906 1474 et
915 1435 962 1472 ru-

157 1507 236 1544 more
245 1493 353 1545 senium
365 1490 473 1545 Galbae
484 1497 512 1544 et
521 1494 661 1545 iuventam
672 1492 792 1547 othonis
803 1494 964 1558 computan-

155 1563 239 1626 tium,
256 1568 449 1629 persuaserat,
461 1563 542 1634 fore,
561 1564 632 1615 utin
647 1561 966 1632 Imperiomodsciecere·

30 1635 55 1667 Ἀ
153 1640 211 1685 tar.
248 1632 303 1685 Sed
318 1630 394 1684 Otho
404 1638 546 1701 tamquam
561 1635 664 1700 peritia
678 1640 707 1685 et
721 1634 829 1683 monitu
840 1630 979 1682 latorum

153 1702 300 1769 praedicta
309 1702 476 1769 accipiebat,
497 1703 626 1769 cupidine
636 1702 741 1769 ingenii
751 1699 866 1753 humaui
877 1700 966 1751 liben-

154 1772 211 1822 tius
222 1772 339 1823 obscura
349 1770 491 1824 credendi.
514 1771 517 1777 '

206 1840 309 1894 Xlllll.
344 1839 403 1893 Nec
418 1841 516 1893 deerat
526 1837 703 1891 Ptolemaeus
709 1836 792 1899 „iam
809 1838 838 1887 et
848 1834 968 1891 scelera

154 1910 311 1973 instinctor,
330 1910 447 1977 eoquod
458 1907 591 1961 facillime
601 1908 635 1959 ab
648 1904 784 1957 eiusmodi
790 1909 860 1957 -roto
872 1911 968 1959 trans·

153 1980 221 2033 itur.
258 1978 313 2031 Sed
332 1980 448 2030 sceleris
472 1978 605 2043 cogitatio
626 1978 761 2027 incertum
788 1990 824 2026 an
847 1988 965 2042 repensa

154 2050 248 2102 sardia
259 2048 378 2099 militum
389 2045 571 2112 iampridem,
589 2060 637 2112 spe
647 2046 838 2109 successionis,
856 2050 906 2097 aut
916 2059 965 2111 pa·

154 2124 218 2171 ratu
234 2118 382 2179 faunuris,
399 2114 606 2179 adfectaverat3
624 2117 654 2166 in
669 2117 783 2178 itinere,
801 2117 830 2166 in
841 2115 964 2183 agmine,

153 2190 182 2239 iu
192 2186 373 2249 stationibus,
391 2186 608 2237 vetustissimam
625 2200 762 2254 quemque
778 2186 896 2237 militum
912 2199 964 2235 no·

153 2259 229 2309 mine
239 2270 351 2317 vocans,
367 2272 410 2319 ac,
422 2257 558 2307 memoria
568 2256 721 2309 Neroniani
732 2256 890 2315 comitatus,
900 2266 965 2319 con-

153 2326 308 2379 tobernoler
319 2326 501 2393 adpelland03
517 2327 587 2378 alios
597 2340 757 2394 agnoscere,
772 2324 906 2392 quosdam
918 2336 963 2373 ra-

154 2397 267 2464 quirere
282 2401 311 2447 et
321 2399 438 2462 pecunia
454 2402 504 2448 aut
513 2398 605 2465 gratia
615 2399 724 2448 iurare:
742 2392 891 2446 inserendo
901 2405 964 2444 sac-

153 2466 216 2533 pius
225 2466 355 2535 querelas
367 2473 397 2519 et
406 2466 551 2535 ambiguos
562 2465 596 2519 (le
608 2466 699 2518 Galba
709 2478 859 2526 sermones,
879 2474 964 2528 quac·
1005 2504 1011 2509 .

154 2551 208 2605 que
218 2536 276 2587 alia
291 2537 468 2589 turbamenta
483 2538 566 2605 rulgi.
602 2530 727 2588 Labores
742 2536 886 2594 itinerum,
904 2531 966 2581 ino-

153 2608 200 2729 pia
210 2612 429 2670 commeatuum,
448 2607 552 2689 duritia
567 2608 689 2673 imperii,
708 2606 830 2687 atrocius
846 2600 965 2667 accipie·

173 2683 266 2742 antur,
283 2679 533 2746 cum,cnnpsn1ac
544 2677 620 2741 lacus
631 2682 660 2730 et
668 2674 789 2729 Acharne
798 2673 881 2753 urbes
890 2668 965 2721 clas·
