<?xml version="1.0" encoding="UTF-8"?>
<!DOCTYPE html PUBLIC "-//W3C//DTD XHTML 1.0 Transitional//EN"
    "http://www.w3.org/TR/xhtml1/DTD/xhtml1-transitional.dtd">
<html xmlns="http://www.w3.org/1999/xhtml" xml:lang="en" lang="en">
 <head>
  <title>
</title>
<meta http-equiv="Content-Type" content="text/html;charset=utf-8" />
  <meta name='ocr-system' content='tesseract 3.04.00' />
  <meta name='ocr-capabilities' content='ocr_page ocr_carea ocr_par ocr_line ocrx_word'/>
</head>
<body>
  <div class='ocr_page' id='page_1' title='image "./ccorneliitaciti00socigoog/ccorneliitaciti00socigoog_0050.png"; bbox 0 0 2034 3025; ppageno 0'>
   <div class='ocr_carea' id='block_1_1' title="bbox 89 129 857 221">
    <p class='ocr_par' dir='ltr' id='par_1_1' title="bbox 89 129 857 221">
     <span class='ocr_line' id='line_1_1' title="bbox 89 129 857 221; baseline 0.004 -16"><span class='ocrx_word' id='word_1_1' title='bbox 89 129 202 205; x_wconf 67' lang='lat' dir='ltr'><strong>fcio.</strong></span> <span class='ocrx_word' id='word_1_2' title='bbox 213 153 235 204; x_wconf 87' lang='lat'><strong>1.</strong></span> <span class='ocrx_word' id='word_1_3' title='bbox 256 148 444 204; x_wconf 63' lang='lat' dir='ltr'><strong>curnam.</strong></span> <span class='ocrx_word' id='word_1_4' title='bbox 465 150 619 221; x_wconf 55' lang='lat' dir='ltr'><strong>[num.</strong></span> <span class='ocrx_word' id='word_1_5' title='bbox 635 152 776 221; x_wconf 53' lang='lat' dir='ltr'><strong>acan]</strong></span> <span class='ocrx_word' id='word_1_6' title='bbox 820 150 857 208; x_wconf 74' lang='lat' dir='ltr'><strong>rt</strong></span> 
     </span>
    </p>
   </div>
   <div class='ocr_carea' id='block_1_2' title="bbox 41 256 859 739">
    <p class='ocr_par' dir='ltr' id='par_1_2' title="bbox 41 256 859 739">
     <span class='ocr_line' id='line_1_2' title="bbox 99 256 855 325; baseline 0.003 -14"><span class='ocrx_word' id='word_1_7' title='bbox 99 258 162 311; x_wconf 85' lang='lat' dir='ltr'><strong>Lll.</strong></span> <span class='ocrx_word' id='word_1_8' title='bbox 181 257 360 323; x_wconf 50' lang='lat' dir='ltr'><strong>mundatum</strong></span> <span class='ocrx_word' id='word_1_9' title='bbox 370 256 514 309; x_wconf 79' lang='lat' dir='ltr'>Tiberium</span> <span class='ocrx_word' id='word_1_10' title='bbox 524 256 764 325; x_wconf 68' lang='lat' dir='ltr'><strong>laetitiamque</strong></span> <span class='ocrx_word' id='word_1_11' title='bbox 779 258 855 313; x_wconf 77' lang='lat' dir='ltr'><strong>adle-</strong></span> 
     </span>
     <span class='ocr_line' id='line_1_3' title="bbox 48 325 855 397; baseline -0.004 -16"><span class='ocrx_word' id='word_1_12' title='bbox 48 342 124 381; x_wconf 87' lang='lat' dir='ltr'><strong>cere:</strong></span> <span class='ocrx_word' id='word_1_13' title='bbox 136 325 297 393; x_wconf 68' lang='lat' dir='ltr'><strong>gaudebat,</strong></span> <span class='ocrx_word' id='word_1_14' title='bbox 316 340 475 392; x_wconf 84' lang='lat' dir='ltr'><strong>oppressam</strong></span> <span class='ocrx_word' id='word_1_15' title='bbox 495 325 677 378; x_wconf 76' lang='lat' dir='ltr'><strong>seditionem:</strong></span> <span class='ocrx_word' id='word_1_16' title='bbox 697 327 762 389; x_wconf 82' lang='lat' dir='ltr'><strong>sod,</strong></span> <span class='ocrx_word' id='word_1_17' title='bbox 779 328 855 397; x_wconf 85' lang='lat' dir='ltr'><strong>quod</strong></span> 
     </span>
     <span class='ocr_line' id='line_1_4' title="bbox 47 393 856 464; baseline 0 -15"><span class='ocrx_word' id='word_1_18' title='bbox 47 396 203 464; x_wconf 69' lang='lat' dir='ltr'>largiendis</span> <span class='ocrx_word' id='word_1_19' title='bbox 211 398 337 461; x_wconf 75' lang='lat' dir='ltr'><strong>pecuniis</strong></span> <span class='ocrx_word' id='word_1_20' title='bbox 348 401 376 447; x_wconf 88' lang='lat' dir='ltr'><strong>et</strong></span> <span class='ocrx_word' id='word_1_21' title='bbox 386 396 517 447; x_wconf 77' lang='lat' dir='ltr'><strong>missione</strong></span> <span class='ocrx_word' id='word_1_22' title='bbox 527 394 660 446; x_wconf 59' lang='lat' dir='ltr'><strong>intincta</strong></span> <span class='ocrx_word' id='word_1_23' title='bbox 673 393 796 448; x_wconf 77' lang='lat' dir='ltr'><strong>savorem</strong></span> <span class='ocrx_word' id='word_1_24' title='bbox 807 398 856 449; x_wconf 75' lang='lat' dir='ltr'><strong>ari·</strong></span> 
     </span>
     <span class='ocr_line' id='line_1_5' title="bbox 41 462 856 532; baseline -0.001 -14"><span class='ocrx_word' id='word_1_25' title='bbox 41 467 129 519; x_wconf 66' lang='lat' dir='ltr'><strong>‘litum</strong></span> <span class='ocrx_word' id='word_1_26' title='bbox 140 466 332 531; x_wconf 70' lang='lat' dir='ltr'><strong>quaesivisset,</strong></span> <span class='ocrx_word' id='word_1_27' title='bbox 351 463 453 517; x_wconf 85' lang='lat' dir='ltr'><strong>bellica</strong></span> <span class='ocrx_word' id='word_1_28' title='bbox 464 480 499 532; x_wconf 88' lang='lat' dir='ltr'><strong>qu</strong></span> <span class='ocrx_word' id='word_1_29' title='bbox 557 462 856 531; x_wconf 70' lang='lat' dir='ltr'><strong>etlemauiclglorie,</strong></span> 
     </span>
     <span class='ocr_line' id='line_1_6' title="bbox 47 479 857 601; baseline 0 -16"><span class='ocrx_word' id='word_1_30' title='bbox 47 535 215 601; x_wconf 76' lang='lat' dir='ltr'>angebatur.</span> <span class='ocrx_word' id='word_1_31' title='bbox 251 533 357 585; x_wconf 78' lang='lat' dir='ltr'><strong>Retulit</strong></span> <span class='ocrx_word' id='word_1_32' title='bbox 371 539 465 585; x_wconf 85' lang='lat' dir='ltr'><strong>tamen</strong></span> <span class='ocrx_word' id='word_1_33' title='bbox 480 479 659 587; x_wconf 56' lang='lat' dir='ltr'><strong>addeuatu·</strong></span> <span class='ocrx_word' id='word_1_34' title='bbox 670 534 707 586; x_wconf 84' lang='lat' dir='ltr'><strong>de</strong></span> <span class='ocrx_word' id='word_1_35' title='bbox 716 534 801 585; x_wconf 81' lang='lat' dir='ltr'><strong>rebor</strong></span> <span class='ocrx_word' id='word_1_36' title='bbox 811 551 857 601; x_wconf 67' lang='lat' dir='ltr'><strong>ge·</strong></span> 
     </span>
     <span class='ocr_line' id='line_1_7' title="bbox 47 601 857 671; baseline 0 -16"><span class='ocrx_word' id='word_1_37' title='bbox 47 607 107 666; x_wconf 80' lang='lat' dir='ltr'><strong>atis,</strong></span> <span class='ocrx_word' id='word_1_38' title='bbox 128 602 275 669; x_wconf 88' lang='lat' dir='ltr'><strong>multaque</strong></span> <span class='ocrx_word' id='word_1_39' title='bbox 285 601 319 654; x_wconf 89' lang='lat' dir='ltr'><strong>de</strong></span> <span class='ocrx_word' id='word_1_40' title='bbox 329 604 433 654; x_wconf 88' lang='lat' dir='ltr'><strong>virtute</strong></span> <span class='ocrx_word' id='word_1_41' title='bbox 451 602 512 654; x_wconf 82' lang='lat' dir='ltr'><strong>eiua</strong></span> <span class='ocrx_word' id='word_1_42' title='bbox 531 604 710 665; x_wconf 74' lang='lat' dir='ltr'><strong>memorarit,</strong></span> <span class='ocrx_word' id='word_1_43' title='bbox 730 606 857 671; x_wconf 72' lang='lat' dir='ltr'><strong>magistu</strong></span> 
     </span>
     <span class='ocr_line' id='line_1_8' title="bbox 47 671 859 739; baseline -0.002 -14"><span class='ocrx_word' id='word_1_44' title='bbox 47 674 173 739; x_wconf 73' lang='lat' dir='ltr'><strong>epeciern</strong></span> <span class='ocrx_word' id='word_1_45' title='bbox 193 672 287 727; x_wconf 78' lang='lat' dir='ltr'><strong>verbis</strong></span> <span class='ocrx_word' id='word_1_46' title='bbox 305 671 449 734; x_wconf 87' lang='lat' dir='ltr'><strong>adornata,</strong></span> <span class='ocrx_word' id='word_1_47' title='bbox 470 684 553 738; x_wconf 75' lang='lat' dir='ltr'><strong>quan</strong></span> <span class='ocrx_word' id='word_1_48' title='bbox 573 676 607 722; x_wconf 91' lang='lat' dir='ltr'><strong>ut</strong></span> <span class='ocrx_word' id='word_1_49' title='bbox 624 673 734 737; x_wconf 78' lang='lat' dir='ltr'><strong>penitm</strong></span> <span class='ocrx_word' id='word_1_50' title='bbox 753 674 859 723; x_wconf 74' lang='lat' dir='ltr'><strong>sentire</strong></span> 
     </span>
    </p>
   </div>
   <div class='ocr_carea' id='block_1_3' title="bbox 48 735 1009 808">
    <p class='ocr_par' dir='ltr' id='par_1_3' title="bbox 48 735 1009 808">
     <span class='ocr_line' id='line_1_9' title="bbox 48 735 1009 808; baseline -0.007 -15"><span class='ocrx_word' id='word_1_51' title='bbox 48 740 223 793; x_wconf 82' lang='lat' dir='ltr'><strong>crederetur.</strong></span> <span class='ocrx_word' id='word_1_52' title='bbox 260 739 440 791; x_wconf 84' lang='lat' dir='ltr'><strong>Paucioribua</strong></span> <span class='ocrx_word' id='word_1_53' title='bbox 456 739 580 791; x_wconf 72' lang='lat' dir='ltr'><strong>Drinum</strong></span> <span class='ocrx_word' id='word_1_54' title='bbox 598 746 628 791; x_wconf 85' lang='lat' dir='ltr'><strong>et</strong></span> <span class='ocrx_word' id='word_1_55' title='bbox 645 744 730 793; x_wconf 83' lang='lat' dir='ltr'><strong>tinem</strong></span> <span class='ocrx_word' id='word_1_56' title='bbox 751 740 860 808; x_wconf 73' lang='lat' dir='ltr'><strong>illyrici</strong></span> <span class='ocrx_word' id='word_1_57' title='bbox 922 757 927 766; x_wconf 91' lang='lat'><strong>·</strong></span> <span class='ocrx_word' id='word_1_58' title='bbox 1008 735 1009 746; x_wconf 61' lang='lat'>¹</span> 
     </span>
    </p>
   </div>
   <div class='ocr_carea' id='block_1_4' title="bbox 46 807 882 2540">
    <p class='ocr_par' dir='ltr' id='par_1_4' title="bbox 47 807 861 1011">
     <span class='ocr_line' id='line_1_10' title="bbox 47 807 859 871; baseline 0 -11"><span class='ocrx_word' id='word_1_59' title='bbox 47 814 143 861; x_wconf 76' lang='lat' dir='ltr'><strong>motus</strong></span> <span class='ocrx_word' id='word_1_60' title='bbox 172 807 310 871; x_wconf 85' lang='lat' dir='ltr'><strong>laudavit,</strong></span> <span class='ocrx_word' id='word_1_61' title='bbox 337 808 388 859; x_wconf 89' lang='lat' dir='ltr'><strong>sed</strong></span> <span class='ocrx_word' id='word_1_62' title='bbox 416 809 565 870; x_wconf 78' lang='lat' dir='ltr'><strong>intentior,</strong></span> <span class='ocrx_word' id='word_1_63' title='bbox 593 814 623 860; x_wconf 89' lang='lat' dir='ltr'><strong>et</strong></span> <span class='ocrx_word' id='word_1_64' title='bbox 643 810 701 862; x_wconf 86' lang='lat' dir='ltr'><strong>lida</strong></span> <span class='ocrx_word' id='word_1_65' title='bbox 722 812 859 864; x_wconf 69' lang='lat' dir='ltr'><strong>canone.</strong></span> 
     </span>
     <span class='ocr_line' id='line_1_11' title="bbox 48 876 861 945; baseline -0.001 -15"><span class='ocrx_word' id='word_1_66' title='bbox 48 883 222 945; x_wconf 87' lang='lat' dir='ltr'><strong>cunctaque,</strong></span> <span class='ocrx_word' id='word_1_67' title='bbox 242 892 312 944; x_wconf 90' lang='lat' dir='ltr'><strong>qnae</strong></span> <span class='ocrx_word' id='word_1_68' title='bbox 333 878 515 929; x_wconf 79' lang='lat' dir='ltr'><strong>Germanicus</strong></span> <span class='ocrx_word' id='word_1_69' title='bbox 537 876 712 941; x_wconf 78' lang='lat' dir='ltr'><strong>indulserat,</strong></span> <span class='ocrx_word' id='word_1_70' title='bbox 738 880 861 931; x_wconf 78' lang='lat' dir='ltr'><strong>semrit</strong></span> 
     </span>
     <span class='ocr_line' id='line_1_12' title="bbox 48 945 565 1011; baseline -0.004 -12"><span class='ocrx_word' id='word_1_71' title='bbox 48 947 135 999; x_wconf 84' lang='lat' dir='ltr'><strong>etiarn</strong></span> <span class='ocrx_word' id='word_1_72' title='bbox 147 946 223 1011; x_wconf 79' lang='lat' dir='ltr'><strong>apud</strong></span> <span class='ocrx_word' id='word_1_73' title='bbox 233 945 407 998; x_wconf 79' lang='lat' dir='ltr'><strong>Pannonicos</strong></span> <span class='ocrx_word' id='word_1_74' title='bbox 417 947 565 999; x_wconf 81' lang='lat' dir='ltr'><strong>exercitus.</strong></span> 
     </span>
    </p>

    <p class='ocr_par' dir='ltr' id='par_1_5' title="bbox 46 1013 882 2540">
     <span class='ocr_line' id='line_1_13' title="bbox 100 1013 882 1082; baseline 0 -13"><span class='ocrx_word' id='word_1_75' title='bbox 100 1014 177 1077; x_wconf 80' lang='lat' dir='ltr'><strong>Llll.</strong></span> <span class='ocrx_word' id='word_1_76' title='bbox 197 1014 303 1067; x_wconf 85' lang='lat' dir='ltr'><strong>Eodem</strong></span> <span class='ocrx_word' id='word_1_77' title='bbox 315 1030 388 1067; x_wconf 88' lang='lat' dir='ltr'><strong>nnno</strong></span> <span class='ocrx_word' id='word_1_78' title='bbox 398 1016 471 1067; x_wconf 87' lang='lat' dir='ltr'><strong>iulia</strong></span> <span class='ocrx_word' id='word_1_79' title='bbox 479 1030 640 1082; x_wconf 75' lang='lat' dir='ltr'><strong>supremum</strong></span> <span class='ocrx_word' id='word_1_80' title='bbox 651 1017 725 1069; x_wconf 87' lang='lat' dir='ltr'><strong>diem</strong></span> <span class='ocrx_word' id='word_1_81' title='bbox 734 1016 813 1080; x_wconf 82' lang='lat' dir='ltr'><strong>obiit,</strong></span> <span class='ocrx_word' id='word_1_82' title='bbox 822 1013 860 1069; x_wconf 79' lang='lat' dir='ltr'><strong>ob</strong></span> <span class='ocrx_word' id='word_1_83' title='bbox 877 1028 882 1037; x_wconf 90' lang='lat'>·</span> 
     </span>
     <span class='ocr_line' id='line_1_14' title="bbox 47 1084 861 1153; baseline 0.002 -18"><span class='ocrx_word' id='word_1_84' title='bbox 47 1084 256 1149; x_wconf 77' lang='lat' dir='ltr'><strong>impudicitiam</strong></span> <span class='ocrx_word' id='word_1_85' title='bbox 271 1084 336 1135; x_wconf 90' lang='lat' dir='ltr'><strong>olim</strong></span> <span class='ocrx_word' id='word_1_86' title='bbox 347 1100 365 1136; x_wconf 89' lang='lat' dir='ltr'><strong>a</strong></span> <span class='ocrx_word' id='word_1_87' title='bbox 379 1090 458 1151; x_wconf 88' lang='lat' dir='ltr'><strong>patre</strong></span> <span class='ocrx_word' id='word_1_88' title='bbox 468 1087 594 1153; x_wconf 80' lang='lat' dir='ltr'><strong>Augusto</strong></span> <span class='ocrx_word' id='word_1_89' title='bbox 608 1086 778 1139; x_wconf 81' lang='lat' dir='ltr'><strong>Pandateria</strong></span> <span class='ocrx_word' id='word_1_90' title='bbox 784 1088 861 1137; x_wconf 80' lang='lat' dir='ltr'><strong>iusu-</strong></span> 
     </span>
     <span class='ocr_line' id='line_1_15' title="bbox 48 1153 861 1223; baseline 0.006 -19"><span class='ocrx_word' id='word_1_91' title='bbox 48 1154 89 1215; x_wconf 88' lang='lat' dir='ltr'><strong>la,</strong></span> <span class='ocrx_word' id='word_1_92' title='bbox 102 1167 171 1203; x_wconf 83' lang='lat' dir='ltr'><strong>mox</strong></span> <span class='ocrx_word' id='word_1_93' title='bbox 180 1154 280 1219; x_wconf 91' lang='lat' dir='ltr'><strong>oppido</strong></span> <span class='ocrx_word' id='word_1_94' title='bbox 291 1153 492 1221; x_wconf 80' lang='lat' dir='ltr'><strong>Rheginomm,</strong></span> <span class='ocrx_word' id='word_1_95' title='bbox 509 1156 557 1223; x_wconf 87' lang='lat' dir='ltr'><strong>qui</strong></span> <span class='ocrx_word' id='word_1_96' title='bbox 566 1154 689 1207; x_wconf 83' lang='lat' dir='ltr'><strong>Siculum</strong></span> <span class='ocrx_word' id='word_1_97' title='bbox 700 1155 806 1207; x_wconf 70' lang='lat' dir='ltr'><strong>fretun</strong></span> <span class='ocrx_word' id='word_1_98' title='bbox 815 1170 861 1209; x_wconf 81' lang='lat' dir='ltr'><strong>ac·</strong></span> 
     </span>
     <span class='ocr_line' id='line_1_16' title="bbox 50 1221 861 1287; baseline 0.004 -14"><span class='ocrx_word' id='word_1_99' title='bbox 50 1221 160 1284; x_wconf 87' lang='lat' dir='ltr'><strong>colunt,</strong></span> <span class='ocrx_word' id='word_1_100' title='bbox 181 1222 283 1273; x_wconf 86' lang='lat' dir='ltr'><strong>clausa.</strong></span> <span class='ocrx_word' id='word_1_101' title='bbox 321 1223 427 1275; x_wconf 79' lang='lat' dir='ltr'><strong>Fuerat</strong></span> <span class='ocrx_word' id='word_1_102' title='bbox 440 1226 469 1275; x_wconf 89' lang='lat' dir='ltr'><strong>in</strong></span> <span class='ocrx_word' id='word_1_103' title='bbox 486 1226 666 1281; x_wconf 80' lang='lat' dir='ltr'><strong>matrimonio</strong></span> <span class='ocrx_word' id='word_1_104' title='bbox 676 1226 790 1287; x_wconf 82' lang='lat' dir='ltr'><strong>Tiberii,</strong></span> <span class='ocrx_word' id='word_1_105' title='bbox 809 1224 861 1276; x_wconf 92' lang='lat' dir='ltr'><strong>ilo-</strong></span> 
     </span>
     <span class='ocr_line' id='line_1_17' title="bbox 50 1291 863 1362; baseline 0.002 -19"><span class='ocrx_word' id='word_1_106' title='bbox 50 1292 180 1343; x_wconf 86' lang='lat' dir='ltr'><strong>rentibus</strong></span> <span class='ocrx_word' id='word_1_107' title='bbox 191 1292 257 1342; x_wconf 84' lang='lat' dir='ltr'><strong>Caio</strong></span> <span class='ocrx_word' id='word_1_108' title='bbox 269 1298 298 1343; x_wconf 91' lang='lat' dir='ltr'><strong>et</strong></span> <span class='ocrx_word' id='word_1_109' title='bbox 306 1291 404 1357; x_wconf 82' lang='lat' dir='ltr'><strong>Lucio,</strong></span> <span class='ocrx_word' id='word_1_110' title='bbox 425 1294 600 1357; x_wconf 72' lang='lat' dir='ltr'><strong>Camerinus,</strong></span> <span class='ocrx_word' id='word_1_111' title='bbox 610 1300 818 1362; x_wconf 69' lang='lat' dir='ltr'><strong>spreveratque,</strong></span> <span class='ocrx_word' id='word_1_112' title='bbox 827 1300 863 1345; x_wconf 90' lang='lat' dir='ltr'><strong>ut</strong></span> 
     </span>
     <span class='ocr_line' id='line_1_18' title="bbox 52 1360 862 1426; baseline 0.006 -16"><span class='ocrx_word' id='word_1_113' title='bbox 52 1360 197 1425; x_wconf 86' lang='lat' dir='ltr'><strong>imparem.</strong></span> <span class='ocrx_word' id='word_1_114' title='bbox 221 1361 344 1417; x_wconf 80' lang='lat' dir='ltr'><strong>neculia</strong></span> <span class='ocrx_word' id='word_1_115' title='bbox 357 1366 415 1415; x_wconf 84' lang='lat' dir='ltr'><strong>tarn</strong></span> <span class='ocrx_word' id='word_1_116' title='bbox 434 1362 533 1415; x_wconf 87' lang='lat' dir='ltr'><strong>intima</strong></span> <span class='ocrx_word' id='word_1_117' title='bbox 543 1364 660 1417; x_wconf 83' lang='lat' dir='ltr'><strong>Tiberio</strong></span> <span class='ocrx_word' id='word_1_118' title='bbox 680 1378 793 1426; x_wconf 74' lang='lat' dir='ltr'><strong>mussa,</strong></span> <span class='ocrx_word' id='word_1_119' title='bbox 809 1378 862 1415; x_wconf 86' lang='lat' dir='ltr'><strong>oar</strong></span> 
     </span>
     <span class='ocr_line' id='line_1_19' title="bbox 50 1427 861 1498; baseline 0.002 -17"><span class='ocrx_word' id='word_1_120' title='bbox 50 1427 184 1481; x_wconf 89' lang='lat' dir='ltr'><strong>Rhodum</strong></span> <span class='ocrx_word' id='word_1_121' title='bbox 204 1430 378 1483; x_wconf 77' lang='lat' dir='ltr'><strong>abscederet:</strong></span> <span class='ocrx_word' id='word_1_122' title='bbox 396 1434 543 1498; x_wconf 85' lang='lat' dir='ltr'><strong>imperium</strong></span> <span class='ocrx_word' id='word_1_123' title='bbox 564 1432 691 1497; x_wconf 86' lang='lat' dir='ltr'><strong>adeptus,</strong></span> <span class='ocrx_word' id='word_1_124' title='bbox 710 1438 861 1494; x_wconf 77' lang='lat' dir='ltr'><strong>extorrem,</strong></span> 
     </span>
     <span class='ocr_line' id='line_1_20' title="bbox 49 1498 863 1568; baseline 0.002 -18"><span class='ocrx_word' id='word_1_125' title='bbox 49 1498 249 1562; x_wconf 72' lang='lat' dir='ltr'><strong>infamemet,</strong></span> <span class='ocrx_word' id='word_1_126' title='bbox 263 1500 328 1568; x_wconf 87' lang='lat' dir='ltr'><strong>post</strong></span> <span class='ocrx_word' id='word_1_127' title='bbox 337 1501 514 1554; x_wconf 74' lang='lat' dir='ltr'><strong>interfectura</strong></span> <span class='ocrx_word' id='word_1_128' title='bbox 525 1501 690 1554; x_wconf 82' lang='lat' dir='ltr'><strong>Postumum</strong></span> <span class='ocrx_word' id='word_1_129' title='bbox 700 1502 863 1568; x_wconf 75' lang='lat' dir='ltr'><strong>Agrippan,</strong></span> 
     </span>
     <span class='ocr_line' id='line_1_21' title="bbox 48 1569 862 1638; baseline 0.002 -18"><span class='ocrx_word' id='word_1_130' title='bbox 48 1571 143 1620; x_wconf 82' lang='lat' dir='ltr'><strong>onmia</strong></span> <span class='ocrx_word' id='word_1_131' title='bbox 153 1569 212 1635; x_wconf 79' lang='lat' dir='ltr'><strong>spei</strong></span> <span class='ocrx_word' id='word_1_132' title='bbox 223 1584 348 1636; x_wconf 86' lang='lat' dir='ltr'><strong>egenam,</strong></span> <span class='ocrx_word' id='word_1_133' title='bbox 357 1573 451 1637; x_wconf 90' lang='lat' dir='ltr'><strong>inopia</strong></span> <span class='ocrx_word' id='word_1_134' title='bbox 460 1587 492 1624; x_wconf 83' lang='lat' dir='ltr'><strong>ac</strong></span> <span class='ocrx_word' id='word_1_135' title='bbox 500 1572 568 1623; x_wconf 83' lang='lat' dir='ltr'><strong>tabe</strong></span> <span class='ocrx_word' id='word_1_136' title='bbox 578 1570 663 1638; x_wconf 78' lang='lat' dir='ltr'><strong>longa</strong></span> <span class='ocrx_word' id='word_1_137' title='bbox 672 1573 801 1636; x_wconf 78' lang='lat' dir='ltr'><strong>pereutit,</strong></span> <span class='ocrx_word' id='word_1_138' title='bbox 811 1570 862 1622; x_wconf 78' lang='lat' dir='ltr'><strong>ob·</strong></span> 
     </span>
     <span class='ocr_line' id='line_1_22' title="bbox 47 1637 863 1708; baseline 0 -18"><span class='ocrx_word' id='word_1_139' title='bbox 47 1653 164 1690; x_wconf 82' lang='lat' dir='ltr'><strong>scuram</strong></span> <span class='ocrx_word' id='word_1_140' title='bbox 177 1637 237 1690; x_wconf 85' lang='lat' dir='ltr'><strong>fore</strong></span> <span class='ocrx_word' id='word_1_141' title='bbox 246 1654 342 1691; x_wconf 83' lang='lat' dir='ltr'><strong>necem</strong></span> <span class='ocrx_word' id='word_1_142' title='bbox 354 1639 559 1708; x_wconf 72' lang='lat' dir='ltr'><strong>longinquitate</strong></span> <span class='ocrx_word' id='word_1_143' title='bbox 574 1639 668 1692; x_wconf 80' lang='lat' dir='ltr'><strong>exsilii</strong></span> <span class='ocrx_word' id='word_1_144' title='bbox 683 1645 771 1690; x_wconf 83' lang='lat' dir='ltr'><strong>ratur.</strong></span> <span class='ocrx_word' id='word_1_145' title='bbox 806 1639 863 1692; x_wconf 84' lang='lat' dir='ltr'><strong>Par</strong></span> 
     </span>
     <span class='ocr_line' id='line_1_23' title="bbox 49 1707 863 1776; baseline 0 -16"><span class='ocrx_word' id='word_1_146' title='bbox 49 1722 153 1770; x_wconf 81' lang='lat' dir='ltr'><strong>caussa</strong></span> <span class='ocrx_word' id='word_1_147' title='bbox 162 1708 296 1760; x_wconf 81' lang='lat' dir='ltr'><strong>saevitiae</strong></span> <span class='ocrx_word' id='word_1_148' title='bbox 306 1711 335 1759; x_wconf 89' lang='lat' dir='ltr'><strong>in</strong></span> <span class='ocrx_word' id='word_1_149' title='bbox 345 1708 538 1776; x_wconf 83' lang='lat' dir='ltr'><strong>Sempronium</strong></span> <span class='ocrx_word' id='word_1_150' title='bbox 551 1707 717 1772; x_wconf 78' lang='lat' dir='ltr'><strong>Gracchum,</strong></span> <span class='ocrx_word' id='word_1_151' title='bbox 726 1711 774 1776; x_wconf 90' lang='lat' dir='ltr'><strong>qui</strong></span> <span class='ocrx_word' id='word_1_152' title='bbox 783 1707 863 1761; x_wconf 79' lang='lat' dir='ltr'><strong>iami-</strong></span> 
     </span>
     <span class='ocr_line' id='line_1_24' title="bbox 47 1777 862 1847; baseline 0 -17"><span class='ocrx_word' id='word_1_153' title='bbox 47 1778 90 1830; x_wconf 88' lang='lat' dir='ltr'><strong>lia</strong></span> <span class='ocrx_word' id='word_1_154' title='bbox 100 1777 196 1838; x_wconf 81' lang='lat' dir='ltr'><strong>nobili,</strong></span> <span class='ocrx_word' id='word_1_155' title='bbox 216 1777 437 1847; x_wconf 83' lang='lat' dir='ltr'><strong>sollersingenio</strong></span> <span class='ocrx_word' id='word_1_156' title='bbox 448 1786 476 1831; x_wconf 91' lang='lat' dir='ltr'><strong>et</strong></span> <span class='ocrx_word' id='word_1_157' title='bbox 486 1778 727 1847; x_wconf 64' lang='lat' dir='ltr'><strong>praecinentium,</strong></span> <span class='ocrx_word' id='word_1_158' title='bbox 746 1778 862 1835; x_wconf 83' lang='lat' dir='ltr'><strong>eandem</strong></span> 
     </span>
     <span class='ocr_line' id='line_1_25' title="bbox 46 1846 864 1916; baseline 0.002 -20"><span class='ocrx_word' id='word_1_159' title='bbox 46 1846 150 1902; x_wconf 79' lang='lat' dir='ltr'><strong>lulium</strong></span> <span class='ocrx_word' id='word_1_160' title='bbox 163 1848 193 1897; x_wconf 89' lang='lat' dir='ltr'><strong>in</strong></span> <span class='ocrx_word' id='word_1_161' title='bbox 203 1849 381 1902; x_wconf 82' lang='lat' dir='ltr'><strong>matrimonio</strong></span> <span class='ocrx_word' id='word_1_162' title='bbox 392 1849 431 1900; x_wconf 87' lang='lat' dir='ltr'><strong>M.</strong></span> <span class='ocrx_word' id='word_1_163' title='bbox 442 1851 582 1916; x_wconf 76' lang='lat' dir='ltr'><strong>Agrippae</strong></span> <span class='ocrx_word' id='word_1_164' title='bbox 591 1855 787 1900; x_wconf 78' lang='lat' dir='ltr'><strong>temeraverat</strong></span> <span class='ocrx_word' id='word_1_165' title='bbox 803 1847 864 1901; x_wconf 83' lang='lat' dir='ltr'><strong>Nec</strong></span> 
     </span>
     <span class='ocr_line' id='line_1_26' title="bbox 46 1915 865 1983; baseline 0.001 -16"><span class='ocrx_word' id='word_1_166' title='bbox 46 1918 73 1967; x_wconf 88' lang='lat' dir='ltr'><strong>is</strong></span> <span class='ocrx_word' id='word_1_167' title='bbox 90 1915 207 1981; x_wconf 87' lang='lat' dir='ltr'><strong>libidini</strong></span> <span class='ocrx_word' id='word_1_168' title='bbox 221 1917 294 1968; x_wconf 85' lang='lat' dir='ltr'><strong>linis.</strong></span> <span class='ocrx_word' id='word_1_169' title='bbox 317 1918 449 1969; x_wconf 85' lang='lat' dir='ltr'><strong>traditam</strong></span> <span class='ocrx_word' id='word_1_170' title='bbox 464 1919 578 1970; x_wconf 85' lang='lat' dir='ltr'><strong>&#39;liberio</strong></span> <span class='ocrx_word' id='word_1_171' title='bbox 599 1920 729 1983; x_wconf 77' lang='lat' dir='ltr'><strong>pervicax</strong></span> <span class='ocrx_word' id='word_1_172' title='bbox 748 1917 865 1969; x_wconf 86' lang='lat' dir='ltr'><strong>adulter</strong></span> 
     </span>
     <span class='ocr_line' id='line_1_27' title="bbox 50 1985 864 2046; baseline 0.001 -7"><span class='ocrx_word' id='word_1_173' title='bbox 50 1988 232 2039; x_wconf 87' lang='lat' dir='ltr'><strong>coutumacia</strong></span> <span class='ocrx_word' id='word_1_174' title='bbox 242 1991 272 2046; x_wconf 87' lang='lat' dir='ltr'><strong>et</strong></span> <span class='ocrx_word' id='word_1_175' title='bbox 281 1985 351 2038; x_wconf 86' lang='lat' dir='ltr'><strong>odiis</strong></span> <span class='ocrx_word' id='word_1_176' title='bbox 360 1987 390 2038; x_wconf 91' lang='lat' dir='ltr'><strong>in</strong></span> <span class='ocrx_word' id='word_1_177' title='bbox 400 1989 533 2038; x_wconf 87' lang='lat' dir='ltr'><strong>maritum</strong></span> <span class='ocrx_word' id='word_1_178' title='bbox 542 1987 724 2039; x_wconf 82' lang='lat' dir='ltr'><strong>accendebat:</strong></span> <span class='ocrx_word' id='word_1_179' title='bbox 741 1986 864 2040; x_wconf 80' lang='lat' dir='ltr'><strong>litterae·</strong></span> 
     </span>
     <span class='ocr_line' id='line_1_28' title="bbox 49 2055 863 2125; baseline 0.002 -19"><span class='ocrx_word' id='word_1_180' title='bbox 49 2070 116 2125; x_wconf 89' lang='lat' dir='ltr'><strong>que,</strong></span> <span class='ocrx_word' id='word_1_181' title='bbox 128 2069 199 2124; x_wconf 84' lang='lat' dir='ltr'><strong>quas</strong></span> <span class='ocrx_word' id='word_1_182' title='bbox 209 2055 281 2108; x_wconf 89' lang='lat' dir='ltr'><strong>lulia</strong></span> <span class='ocrx_word' id='word_1_183' title='bbox 291 2057 365 2122; x_wconf 86' lang='lat' dir='ltr'><strong>patri</strong></span> <span class='ocrx_word' id='word_1_184' title='bbox 374 2058 500 2124; x_wconf 80' lang='lat' dir='ltr'><strong>Augusto</strong></span> <span class='ocrx_word' id='word_1_185' title='bbox 512 2071 574 2108; x_wconf 86' lang='lat' dir='ltr'><strong>cum</strong></span> <span class='ocrx_word' id='word_1_186' title='bbox 585 2056 769 2109; x_wconf 66' lang='lat' dir='ltr'><strong>insecutione</strong></span> <span class='ocrx_word' id='word_1_187' title='bbox 779 2057 863 2108; x_wconf 85' lang='lat' dir='ltr'><strong>Tibe·</strong></span> 
     </span>
     <span class='ocr_line' id='line_1_29' title="bbox 50 2123 864 2193; baseline 0 -16"><span class='ocrx_word' id='word_1_188' title='bbox 50 2127 86 2177; x_wconf 88' lang='lat' dir='ltr'><strong>rii</strong></span> <span class='ocrx_word' id='word_1_189' title='bbox 97 2127 222 2191; x_wconf 78' lang='lat' dir='ltr'><strong>scripsit,</strong></span> <span class='ocrx_word' id='word_1_190' title='bbox 233 2139 251 2174; x_wconf 85' lang='lat' dir='ltr'><strong>a</strong></span> <span class='ocrx_word' id='word_1_191' title='bbox 261 2123 388 2176; x_wconf 81' lang='lat' dir='ltr'><strong>Graccho</strong></span> <span class='ocrx_word' id='word_1_192' title='bbox 399 2127 570 2192; x_wconf 81' lang='lat' dir='ltr'><strong>compositae</strong></span> <span class='ocrx_word' id='word_1_193' title='bbox 580 2126 773 2178; x_wconf 86' lang='lat' dir='ltr'><strong>credebantur.</strong></span> <span class='ocrx_word' id='word_1_194' title='bbox 808 2126 864 2193; x_wconf 69' lang='lat' dir='ltr'><strong>lgi-</strong></span> 
     </span>
     <span class='ocr_line' id='line_1_30' title="bbox 50 2194 864 2264; baseline -0.002 -18"><span class='ocrx_word' id='word_1_195' title='bbox 50 2199 98 2246; x_wconf 91' lang='lat' dir='ltr'><strong>tur</strong></span> <span class='ocrx_word' id='word_1_196' title='bbox 110 2199 224 2246; x_wconf 79' lang='lat' dir='ltr'><strong>amotus</strong></span> <span class='ocrx_word' id='word_1_197' title='bbox 230 2195 381 2258; x_wconf 82' lang='lat' dir='ltr'><strong>Cercinam,</strong></span> <span class='ocrx_word' id='word_1_198' title='bbox 389 2194 477 2246; x_wconf 78' lang='lat' dir='ltr'><strong>Africi</strong></span> <span class='ocrx_word' id='word_1_199' title='bbox 487 2196 574 2246; x_wconf 81' lang='lat' dir='ltr'><strong>maris</strong></span> <span class='ocrx_word' id='word_1_200' title='bbox 581 2194 708 2264; x_wconf 63' lang='lat' dir='ltr'><strong>inquiam,</strong></span> <span class='ocrx_word' id='word_1_201' title='bbox 719 2199 864 2264; x_wconf 86' lang='lat' dir='ltr'><strong>quattuor·</strong></span> 
     </span>
     <span class='ocr_line' id='line_1_31' title="bbox 52 2259 864 2327; baseline -0.002 -12"><span class='ocrx_word' id='word_1_202' title='bbox 52 2263 146 2318; x_wconf 88' lang='lat' dir='ltr'><strong>decim</strong></span> <span class='ocrx_word' id='word_1_203' title='bbox 166 2265 247 2316; x_wconf 85' lang='lat' dir='ltr'><strong>annis</strong></span> <span class='ocrx_word' id='word_1_204' title='bbox 266 2263 395 2316; x_wconf 81' lang='lat' dir='ltr'><strong>exsilium</strong></span> <span class='ocrx_word' id='word_1_205' title='bbox 413 2265 553 2316; x_wconf 83' lang='lat' dir='ltr'><strong>tolerarit.</strong></span> <span class='ocrx_word' id='word_1_206' title='bbox 590 2265 671 2316; x_wconf 82' lang='lat' dir='ltr'><strong>&#39;lunc</strong></span> <span class='ocrx_word' id='word_1_207' title='bbox 689 2266 809 2327; x_wconf 86' lang='lat' dir='ltr'><strong>milites,</strong></span> <span class='ocrx_word' id='word_1_208' title='bbox 828 2259 864 2313; x_wconf 91' lang='lat' dir='ltr'><strong>ad</strong></span> 
     </span>
     <span class='ocr_line' id='line_1_32' title="bbox 52 2331 865 2400; baseline -0.004 -16"><span class='ocrx_word' id='word_1_209' title='bbox 52 2333 171 2386; x_wconf 87' lang='lat' dir='ltr'><strong>caedem</strong></span> <span class='ocrx_word' id='word_1_210' title='bbox 183 2334 274 2395; x_wconf 84' lang='lat' dir='ltr'><strong>misai,</strong></span> <span class='ocrx_word' id='word_1_211' title='bbox 293 2336 424 2386; x_wconf 87' lang='lat' dir='ltr'><strong>invenere</strong></span> <span class='ocrx_word' id='word_1_212' title='bbox 443 2335 471 2384; x_wconf 91' lang='lat' dir='ltr'><strong>in</strong></span> <span class='ocrx_word' id='word_1_213' title='bbox 490 2333 658 2400; x_wconf 86' lang='lat' dir='ltr'><strong>prominenti</strong></span> <span class='ocrx_word' id='word_1_214' title='bbox 674 2333 775 2396; x_wconf 78' lang='lat' dir='ltr'><strong>litoris,</strong></span> <span class='ocrx_word' id='word_1_215' title='bbox 794 2331 865 2384; x_wconf 86' lang='lat' dir='ltr'><strong>nihil</strong></span> 
     </span>
     <span class='ocr_line' id='line_1_33' title="bbox 51 2401 863 2472; baseline -0.005 -17"><span class='ocrx_word' id='word_1_216' title='bbox 51 2401 163 2456; x_wconf 78' lang='lat' dir='ltr'><strong>laetum</strong></span> <span class='ocrx_word' id='word_1_217' title='bbox 174 2405 373 2469; x_wconf 84' lang='lat' dir='ltr'><strong>opperientem.</strong></span> <span class='ocrx_word' id='word_1_218' title='bbox 392 2416 510 2472; x_wconf 87' lang='lat' dir='ltr'><strong>quorum</strong></span> <span class='ocrx_word' id='word_1_219' title='bbox 522 2403 653 2466; x_wconf 80' lang='lat' dir='ltr'><strong>adventu,</strong></span> <span class='ocrx_word' id='word_1_220' title='bbox 671 2402 748 2456; x_wconf 79' lang='lat' dir='ltr'><strong>breve</strong></span> <span class='ocrx_word' id='word_1_221' title='bbox 759 2412 863 2469; x_wconf 75' lang='lat' dir='ltr'><strong>temper</strong></span> 
     </span>
     <span class='ocr_line' id='line_1_34' title="bbox 51 2471 864 2540; baseline -0.004 -16"><span class='ocrx_word' id='word_1_222' title='bbox 51 2471 165 2538; x_wconf 80' lang='lat' dir='ltr'><strong>petivit,</strong></span> <span class='ocrx_word' id='word_1_223' title='bbox 180 2480 212 2522; x_wconf 84' lang='lat' dir='ltr'><strong>ut</strong></span> <span class='ocrx_word' id='word_1_224' title='bbox 222 2487 346 2539; x_wconf 73' lang='lat' dir='ltr'><strong>suprema</strong></span> <span class='ocrx_word' id='word_1_225' title='bbox 355 2473 486 2525; x_wconf 75' lang='lat' dir='ltr'><strong>niunduta</strong></span> <span class='ocrx_word' id='word_1_226' title='bbox 495 2472 579 2525; x_wconf 77' lang='lat' dir='ltr'><strong>uxori</strong></span> <span class='ocrx_word' id='word_1_227' title='bbox 587 2471 724 2524; x_wconf 72' lang='lat' dir='ltr'><strong>Alliariae</strong></span> <span class='ocrx_word' id='word_1_228' title='bbox 730 2487 782 2540; x_wconf 85' lang='lat' dir='ltr'><strong>per</strong></span> <span class='ocrx_word' id='word_1_229' title='bbox 791 2472 864 2524; x_wconf 84' lang='lat' dir='ltr'><strong>litte·</strong></span> 
     </span>
    </p>
   </div>
   <div class='ocr_carea' id='block_1_5' title="bbox 51 2540 975 2609">
    <p class='ocr_par' dir='ltr' id='par_1_6' title="bbox 51 2540 975 2609">
     <span class='ocr_line' id='line_1_35' title="bbox 51 2540 975 2609; baseline -0.002 -19"><span class='ocrx_word' id='word_1_230' title='bbox 51 2556 98 2593; x_wconf 83' lang='lat' dir='ltr'><strong>rar</strong></span> <span class='ocrx_word' id='word_1_231' title='bbox 110 2540 211 2591; x_wconf 83' lang='lat' dir='ltr'><strong>daret.-</strong></span> <span class='ocrx_word' id='word_1_232' title='bbox 232 2543 420 2609; x_wconf 78' lang='lat' dir='ltr'><strong>cervicemque</strong></span> <span class='ocrx_word' id='word_1_233' title='bbox 438 2542 650 2608; x_wconf 73' lang='lat' dir='ltr'><strong>percussorriiur</strong></span> <span class='ocrx_word' id='word_1_234' title='bbox 668 2542 779 2601; x_wconf 76' lang='lat' dir='ltr'><strong>obtulit,</strong></span> <span class='ocrx_word' id='word_1_235' title='bbox 799 2553 865 2589; x_wconf 89' lang='lat' dir='ltr'><strong>con·</strong></span> <span class='ocrx_word' id='word_1_236' title='bbox 968 2575 975 2588; x_wconf 75' lang='grc'><em>,</em></span> 
     </span>
    </p>
   </div>
   <div class='ocr_carea' id='block_1_6' title="bbox 52 2607 865 2680">
    <p class='ocr_par' dir='ltr' id='par_1_7' title="bbox 52 2607 865 2680">
     <span class='ocr_line' id='line_1_36' title="bbox 52 2607 865 2680; baseline -0.01 -21"><span class='ocrx_word' id='word_1_237' title='bbox 52 2609 163 2662; x_wconf 78' lang='lat' dir='ltr'><strong>atentia</strong></span> <span class='ocrx_word' id='word_1_238' title='bbox 174 2609 350 2672; x_wconf 69' lang='lat' dir='ltr'><strong>mortishaud</strong></span> <span class='ocrx_word' id='word_1_239' title='bbox 357 2611 488 2679; x_wconf 82' lang='lat' dir='ltr'><strong>indignua</strong></span> <span class='ocrx_word' id='word_1_240' title='bbox 494 2611 660 2680; x_wconf 83' lang='lat' dir='ltr'><strong>Sempronio</strong></span> <span class='ocrx_word' id='word_1_241' title='bbox 670 2610 797 2667; x_wconf 80' lang='lat' dir='ltr'><strong>nomin03</strong></span> <span class='ocrx_word' id='word_1_242' title='bbox 806 2607 865 2653; x_wconf 82' lang='lat' dir='ltr'><strong>rita</strong></span> 
     </span>
    </p>
   </div>
   <div class='ocr_carea' id='block_1_7' title="bbox 52 2669 865 2802">
    <p class='ocr_par' dir='ltr' id='par_1_8' title="bbox 52 2669 865 2802">
     <span class='ocr_line' id='line_1_37' title="bbox 52 2669 865 2746; baseline -0.005 -18"><span class='ocrx_word' id='word_1_243' title='bbox 52 2676 286 2746; x_wconf 84' lang='lat' dir='ltr'><strong>degeneraverat.</strong></span> <span class='ocrx_word' id='word_1_244' title='bbox 321 2681 441 2745; x_wconf 73' lang='lat' dir='ltr'><strong>Quidem</strong></span> <span class='ocrx_word' id='word_1_245' title='bbox 452 2675 798 2734; x_wconf 81' lang='lat' dir='ltr'><strong>uouRomaeosmilites‚</strong></span> <span class='ocrx_word' id='word_1_246' title='bbox 816 2669 865 2722; x_wconf 80' lang='lat' dir='ltr'><strong>aed</strong></span> 
     </span>
     <span class='ocr_line' id='line_1_38' title="bbox 85 2733 655 2802; baseline 0.002 0"><span class='ocrx_word' id='word_1_247' title='bbox 85 2751 218 2802; x_wconf 75' lang='lat' dir='ltr'><strong>Tacrrvs</strong></span> <span class='ocrx_word' id='word_1_248' title='bbox 232 2749 256 2802; x_wconf 85' lang='grc' dir='ltr'><strong>Ι.</strong></span> <span class='ocrx_word' id='word_1_249' title='bbox 424 2762 426 2768; x_wconf 94' lang='grc'><em>·</em></span> <span class='ocrx_word' id='word_1_250' title='bbox 631 2733 655 2786; x_wconf 78' lang='lat'>⁰</span> 
     </span>
    </p>
   </div>
   <div class='ocr_carea' id='block_1_8' title="bbox 0 0 1030 3025">
    <p class='ocr_par' dir='ltr' id='par_1_9' title="bbox 0 0 1030 3025">
     <span class='ocr_line' id='line_1_39' title="bbox 0 0 1030 3025; baseline 0 0"><span class='ocrx_word' id='word_1_251' title='bbox 0 0 1030 3025; x_wconf 95' lang='lat' dir='ltr'><strong> </strong></span> 
     </span>
    </p>
   </div>
  </div>
 </body>
</html>
