2034 3025
294 52 313 85 θ

161 110 214 167 aaa
327 120 331 127 ·
392 73 746 161 nnonnronrev‘s
816 127 821 149 ι

161 214 273 276 civitas,
294 210 384 272 donae
398 209 518 271 errarit,
540 208 629 258 donee
640 222 671 259 se
701 208 810 259 artibus
823 214 857 259 et
868 209 979 262 dissen-

161 283 289 335 sionibus
306 285 336 332 et
351 278 498 331 disoordiis
515 276 649 339 confecit,
691 290 763 328 oneo
776 277 859 328 nulla
879 279 937 331 fuit
950 282 979 333 in

161 351 225 403 foro
236 364 300 418 par,
310 348 390 401 ntrlla
399 349 428 400 in
440 347 547 401 Senatu
559 345 718 409 eoncordia,
729 344 810 397 uuila
820 347 851 397 in
864 348 980 403 indiciis

163 421 332 483 moderatio,
343 418 423 469 nulla
433 416 610 484 superiorum
621 416 790 478 reverentie,
807 416 910 469 nullus
922 418 980 469 Ma

163 492 333 558 gistratum
343 488 453 551 modus,
472 486 540 537 tulit
550 484 611 537 sine
623 484 708 536 dubio
719 485 914 538 ualentiorem
926 488 981 539 elo

89 590 92 594 -
163 559 327 625 quentiam3
359 555 618 623 sioutiindonnitus
640 554 710 621 ager
731 552 818 605 babet
838 556 979 621 quasdam

163 626 267 679 herbas
281 626 425 678 laetiores.
454 622 518 692 ‘Sed
534 636 587 674 nee
601 626 673 673 tanti
684 622 879 689 'Reipublicae
897 625 979 678 oras

164 694 281 751 eborum
296 695 460 762 eloquentia
474 693 543 755 suit,
565 698 598 742 ut
613 697 757 759 peteretur
768 697 798 743 et
808 693 909 761 legent
931 710 980 747 nec

125 796 128 801 ·
164 766 263 818 bonae·
278 764 397 816 tomam
419 763 598 830 eloquentiae
620 762 719 813 Cioero
741 760 794 812 tali
813 763 899 815 exitu
915 780 978 834 peu

50 824 78 854 ‘¹
164 836 245 886 savit

100 931 105 937 ·
217 901 290 954 XLi.
308 899 493 968 Sinquoqne,
515 898 589 966 quod
605 902 737 967 operest
747 900 876 966 antiquis
889 906 979 954 orato

164 972 255 1035 ribus,
276 970 448 1039 lorun,·non
469 968 651 1030 emendatae,
672 982 723 1019 neo
733 970 875 1035 usquead
885 978 979 1022 roton

165 1041 352 1110 sumpositae,
373 1039 495 1091 civitatis
509 1042 707 1105 argumentum
723 1042 776 1089 est.
813 1039 890 1102 Quis
907 1042 978 1092 enirn

165 1125 218 1163 uos
227 1110 356 1171 advooat,
377 1110 430 1160 nisi
440 1113 492 1159 aut
502 1120 606 1159 nocens
618 1111 668 1157 aut
678 1105 783 1158 miseri
800 1108 881 1173 quod
892 1111 979 1161 muni·

166 1180 270 1247 oipiurn
281 1181 310 1229 in
322 1178 467 1230 civitatem
478 1182 605 1227 nostram
615 1176 706 1239 venit,
725 1176 778 1226 nisi
790 1178 870 1243 quod
881 1185 935 1229 aut
945 1180 979 1227 ri-

165 1250 246 1301 oinus
254 1248 382 1315 populus,
393 1246 605 1313 nutdornestioa
613 1245 761 1307 discordia,
772 1246 884 1313 agitati
916 1262 979 1299 narn

167 1318 339 1385 provinciam
349 1321 473 1379 tuemur,
483 1316 537 1365 nisi
549 1314 918 1382 spoliatarnvexstnmque.
938 1318 979 1367 lt-

127 1405 130 1408 *
166 1390 215 1457 qui
226 1386 329 1439 melius
340 1385 443 1437 fuisset
454 1398 511 1436 non
524 1386 614 1451 queri,
626 1383 866 1453 quamrindleari.
897 1384 980 1446 Quod
1012 1398 1013 1448 i

165 1450 604 1521 siinvenireturaliquaeivitus,
625 1455 656 1504 in
672 1466 727 1520 qua
737 1466 820 1505 nenio
835 1460 982 1524 penetret,

165 1530 445 1594 supervacuusesset
453 1525 531 1575 inter
541 1525 709 1575 innoeentes
721 1526 832 1587 oretur,
853 1525 933 1574 sicut
944 1525 982 1574 in-

165 1601 211 1648 ter
232 1609 324 1658 sanos
338 1593 472 1645 medicus.
519 1593 582 1656 Quo
604 1593 689 1644 modo
709 1597 808 1644 temen
828 1593 981 1644 minimum

79 1657 90 1666 ’
166 1680 248 1728 usus,
268 1665 470 1730 minimumque
484 1662 629 1730 profectus
640 1675 688 1714 ars
699 1661 838 1714 medentis
849 1660 943 1714 babet
953 1666 981 1714 in

165 1733 209 1786 iris
220 1735 363 1802 gentibue,
375 1747 447 1799 quas
457 1729 622 1783 firmissima
632 1731 796 1784 valetudine
804 1745 840 1784 ee
851 1731 983 1784 saluber-

167 1805 245 1857 rinnis
260 1802 425 1869 corporibus
440 1805 577 1852 utuntur:
601 1801 643 1852 sio
658 1801 751 1853 minor
764 1807 916 1853 oratorum
934 1803 984 1854 ob-

167 1873 332 1938 scuriorque
343 1871 436 1940 gloria
447 1877 493 1922 est
502 1870 680 1922 interbonos
690 1881 793 1933 mores,
811 1879 843 1923 et
853 1871 881 1921 in
896 1872 983 1923 obse·

167 1942 262 2008 quium
272 1943 401 2008 regentis
412 1946 535 2006 paratos.
571 1939 644 2002 erid
656 1941 731 1992 enim
743 1953 813 2006 opus
824 1939 982 2009 estlongis

166 2014 195 2063 in
207 2006 314 2060 Senatu
325 2011 490 2073 sententiis,
504 2009 688 2076 eum-optimi
704 2010 761 2060 nito
776 2011 982 2062 consentiant!

168 2077 242 2141 Quid
253 2077 350 2129 multis
359 2077 435 2145 apud
445 2079 578 2146 populum
590 2079 784 2142 eonuionibus,
799 2078 919 2132 eunde
930 2080 981 2132 lle

168 2148 280 2220 publiea
289 2161 348 2198 non
358 2147 474 2215 inperiti
486 2155 517 2200 et
527 2148 608 2200 multi
620 2147 789 2212 deliberent,
804 2149 856 2201 ssd
866 2151 981 2216 sapies·

169 2215 439 2273 tissirnusetuuusi
475 2217 981 2282 Quid-voluntariisadousationibm,
1011 2213 1012 2265 ἶ

169 2303 233 2340 num
241 2294 302 2340 tam
311 2300 378 2339 raro
390 2291 489 2338 ettam
501 2300 585 2353 poree
596 2286 743 2355 peooeturi
774 2287 851 2351 Quid
860 2285 983 2342 invidio·

168 2360 208 2408 sis
220 2362 250 2408 et
260 2355 461 2410 exoedeutibus
470 2356 585 2406 modurn
601 2355 827 2420 defensionibus,
849 2371 918 2410 eun
929 2359 983 2412 eie·

170 2424 283 2475 nentin-
302 2426 499 2492 cognossentis
525 2424 636 2476 obviarn
659 2425 893 2492 periclitantibus
917 2427 982 2481 eati

169 2492 294 2555 Credite,
305 2493 414 2560 optioni,
426 2493 493 2544 etin
502 2497 638 2557 quantum
649 2508 721 2562 opus
733 2501 786 2558 eet,
797 2495 984 2552 disertissimi

169 2558 234 2620 viri,
249 2560 337 2612 eraut
345 2575 397 2611 ros
407 2561 548 2627 prioribus
560 2562 693 2626 saeculis,
709 2565 829 2630 antisti,
846 2583 924 2636 quus
935 2569 984 2619 nri-

117 2634 119 2639 ·
169 2637 273 2689 mur,
285 2625 328 2678 bis
339 2629 400 2679 nati
412 2634 519 2694 esseut,
529 2643 562 2682 ao
572 2628 652 2684 Deus
662 2633 765 2704 aliquis
775 2635 848 2690 ritas
858 2643 983 2696 vestras.
