2034 3025
149 107 185 160 oo
243 105 549 162 ursroamnvu
582 106 875 177 [n.v.o›s.n.c:70.]

75 303 76 311 ¹
148 279 293 335 alanorum
302 288 451 348 temporum
465 283 538 332 metu
552 278 581 330 s'o
595 279 682 330 istrie
699 283 872 344 occultorum,
891 284 975 347 qaod

149 348 207 402 illic
217 341 356 401 clientelae
371 358 398 402 et
414 348 479 417 agri
488 355 609 398 veterum
619 347 780 400 Crassorum
793 365 827 402 oe
840 351 970 404 morinis

151 419 232 478 favor
250 417 385 470 monetat.
421 417 511 482 igitur
530 415 681 468 deterrimo
702 433 812 484 quoque
826 421 857 470 in
876 434 969 487 argu·

150 492 274 538 mentum
285 485 396 550 fabulae
407 485 567 549 adsumpto,
585 486 684 552 vulgus
697 487 842 538 credulum
859 493 890 538 et
900 492 968 557 qui-

150 555 214 608 dam
226 555 355 616 militum,
375 567 469 604 errore
481 554 548 615 veri,
567 567 618 604 seu
628 556 773 606 turbarum
784 557 889 619 studio,
901 574 968 610 cer·
1014 586 1015 595 =

150 625 231 676 tatim
246 621 481 688 adgregabantur:
507 636 568 672 eum
584 629 742 687 pertractus
762 625 797 676 ad
812 623 966 680 Vitellium
1014 606 1015 659 3

149 695 398 758 interrogatusque,
416 689 539 756 quisnam
547 691 791 756 mortaliamesset,
808 697 966 760 postquam

150 760 319 812 nulladiotis
329 759 410 822 fides,
426 763 484 810 eta
499 759 612 811 domino
623 761 804 823 noscebatur,
822 764 966 816 conditio·
1015 768 1016 793 ³

150 843 185 880 ne
197 828 341 894 fugitiuis,
358 829 470 879 nomine
493 828 574 894 Geta,
591 834 732 896 sumptum
750 829 835 882 daeo
853 833 965 900 suppli·
1015 864 1016 867 =

150 899 221 948 duni
232 895 357 946 seruilem
367 897 395 946 in
407 897 528 949 modum.
636 898 639 902 ’

202 964 327 1017 LXXlll.
362 965 418 1019 Vix
432 966 563 1019 credibile
578 971 735 1018 memoratu
751 971 805 1030 est,
821 973 963 1034 quantum

149 1034 295 1100 superbiae
306 1035 505 1103 socordiaeque
515 1035 629 1088 Vitellio
640 1035 802 1099 adoleverit,
809 1043 963 1104 postquam

148 1119 162 1155 s
182 1102 338 1155 oculatores
349 1121 364 1156 e
375 1103 457 1171 Syria
462 1106 628 1172 Iudaeaque,
633 1106 762 1157 adactam
769 1105 799 1158 io
808 1105 890 1156 onte
900 1108 964 1160 eius

178 1171 305 1235 rientem,
322 1177 494 1226 nuntiavere.
513 1173 600 1237 Nam,
619 1177 671 1227 etsi
682 1175 760 1240 vagis
769 1168 859 1224 adhue
874 1180 905 1226 et
921 1177 964 1227 in·

151 1241 234 1296 certis
245 1245 405 1295 auctoribus
411 1278 419 1304 ,
437 1246 498 1294 erat
509 1247 604 1294 tamen
614 1243 643 1293 in
653 1255 702 1294 ore
713 1243 843 1310 famaque
853 1241 963 1311 Vespa·

150 1313 254 1370 cianus,
273 1325 306 1362 ac
316 1311 478 1378 plerumque
488 1310 633 1363 adnomen
643 1313 703 1364 eius
714 1311 846 1365 Vitellius
857 1316 963 1365 excita·

149 1381 250 1446 hatur,
276 1380 349 1432 Turn
369 1383 440 1446 ipse,
459 1381 668 1447 exercitusque,
690 1386 723 1431 ut
742 1380 819 1432 nullo
838 1383 963 1446 aemulo,

149 1451 273 1513 saevitia,
290 1447 419 1514 libidine,
436 1455 533 1516 raptu,
548 1449 578 1500 in
599 1455 730 1503 externos
748 1464 840 1502 mores
860 1465 962 1518 proru-

170 1524 259 1574 erant.

149 1534 168 1587 p
203 1587 330 1641 LXXIV.
365 1586 404 1638 At
424 1588 614 1655 Vespasianus
634 1588 740 1640 bellum
761 1602 909 1655 armaque,
932 1597 962 1643 et

150 1656 300 1725 proculvel
315 1658 471 1708 iuxtasitas
481 1660 562 1720 vires,
581 1656 836 1722 circumspectabat.
873 1658 961 1711 Miles

150 1727 673 1860 iiirtltntiiiiintlibeliis?
686 1728 962 1856 iii‘iiiiiiist

150 1864 261 1917 dierint.
298 1863 422 1915 Muciani
433 1864 542 1914 animus
551 1876 604 1912 nee
613 1860 784 1926 Vespasiano
795 1860 915 1928 alienus,
932 1872 961 1918 et

149 1936 180 1985 in
190 1934 284 1985 Titum
298 1934 421 1997 pronior.
441 1966 443 1971 -
457 1929 619 1982 Praefectus
631 1930 764 1996 Aegypti,
782 1931 824 1981 Ti.
839 1932 961 1986 Alexan.

150 2002 209 2065 der,
227 2000 346 2051 consilia
355 2000 520 2051 sociaverat.
557 1998 681 2050 Tertiam
692 1998 840 2065 legionem,
855 2003 959 2068 quode

150 2070 234 2137 Syria
244 2071 272 2119 in
284 2068 418 2121 Moesiam
429 2068 586 2129 transisset,
604 2076 682 2118 suam
692 2069 865 2119 numerabat.
885 2076 959 2124 cete-

115 2198 132 2206 .>
149 2154 198 2202 rap
208 2137 313 2204 lllyrici
322 2136 447 2203 legiones
458 2141 603 2188 secuturae
612 2136 805 2203 sperabantur.
827 2136 958 2207 Namque

101 2209 112 2216 ’
150 2222 246 2263 omnes
257 2206 393 2257 exereitus
403 2204 593 2257 flammaverat
608 2206 772 2274 adrogantia
784 2208 956 2261 venientium

149 2295 167 2333 a
177 2276 292 2331 Vitellio
303 2274 439 2339 militum;
457 2276 530 2343 quod
540 2280 634 2328 truces
645 2290 770 2341 corpore,
780 2272 887 2325 horridi
898 2291 957 2329 ser·

149 2352 240 2408 nione,
259 2350 376 2405 ceteros,
393 2349 425 2395 ut
434 2346 556 2410 inpares,
571 2345 735 2395 inridebant.
771 2342 825 2394 Sed
836 2344 955 2398 intanta

149 2416 223 2468 mole
234 2412 300 2466 belli
311 2412 474 2479 plerumque
485 2416 638 2464 cunetatio:
650 2419 680 2464 et
689 2413 886 2477 Vespasianus,
897 2428 953 2465 mo·

131 2485 185 2540 ,do
206 2486 235 2532 in
255 2496 330 2548 spem
352 2486 469 2542 erectus,
489 2481 638 2546 aliquando
659 2481 776 2532 adversa
793 2480 950 2545 reputabat:

153 2549 220 2613 Quis
229 2548 275 2600 e'lle
285 2547 434 2666 diesbforet,
452 2563 503 2612 qao
517 2545 581 2598 LX.
592 2549 693 2601 aetatis
705 2539 790 2600 annos
805 2556 832 2600 et
846 2548 961 2629 Aaou&

148 2618 199 2669 lios
213 2617 320 2668 iuvenes
353 2616 402 2669 ello
413 2615 604 2685 poeniterent!
637 2616 705 2671 Esse
715 2615 834 2684 prisone
844 2630 965 2709 qungp

320 2706 329 2716 '
866 2714 874 2743 r
