2034 3025
158 113 210 168 est
279 68 502 167 nrmncrvm
521 114 565 181 [A.
577 112 612 166 v.
622 114 678 185 819.
700 115 732 167 A.
744 80 773 167 c.
785 88 842 185 en]

156 294 242 354 taque
250 286 351 337 vincla
385 286 423 336 Et
435 290 640 337 tormentorum
651 286 811 352 adspectum
822 302 854 339 ae
863 291 960 342 minas·

25 348 28 353 ’
67 362 70 389 2
158 371 214 407 uon
225 355 325 407 tulere.
360 354 443 406 Prior
457 357 552 404 tamen
569 353 692 417 Natalis,
710 357 800 406 totius
814 360 955 424 conspira-

50 488 61 495 ς
99 444 105 459 =
157 425 244 475 tionis
253 425 343 491 magis
352 436 467 490 guarus,
477 421 561 472 simul
571 422 707 489 arguendi
718 424 849 490 peritior,
867 426 899 478 de
909 424 956 478 Pe

157 508 218 545 rone
227 494 348 561 primum
362 490 479 542 fatetur.
505 489 608 541 deinde
617 491 715 542 adiicit
725 491 864 544 Annaeum
876 492 945 553 Sene

156 578 230 624 eum,
248 561 307 612 sive
321 559 514 611 internuntius
530 559 606 609 iuter
617 574 680 610 eum
691 558 878 628 Pisonemque
888 562 956 625 tuit,

156 627 814 695 siveuthronisgratiampnraret,quiintensus
822 630 957 693 Senecae,

156 695 667 763 omnesedeumopprimendumartcs
675 698 959 764 conquirebat'ljum

154 768 269 833 cognito
281 764 390 819 Natalis
400 764 513 827 indicio,
528 763 661 817 Seevinus
673 779 707 831 qu
746 780 793 829 ue,
806 768 867 833 pari
878 770 957 820 inbc-

155 836 288 898 cillitate,
305 849 341 886 an
352 839 451 894 cuneta
461 833 516 883 iam
526 832 669 900 patefacto
679 847 725 883 cre
746 848 796 885 ens
807 850 859 886 nec
868 837 956 887 ullum

154 903 261 955 silentii
281 902 513 965 emolumentum,
540 901 628 954 edidit
646 907 766 953 ceteros.
803 905 958 971 exquibus

154 972 288 1023 Lucanus
305 972 545 1038 Quinctiunusquc
566 975 596 1021 et
616 968 735 1023 Senecio
754 969 800 1021 diu
821 972 962 1025 abnuere.-

154 1038 233 1102 Post,
243 1042 382 1108 promissa
390 1040 550 1107 inpunitate
562 1040 706 1105 compti,
724 1054 780 1106 qno
789 1040 957 1094 tarditatem
1003 1104 1006 1113 Ι

154 1115 331 1172 excusarent,
346 1109 476 1160 Lucanus
484 1106 601 1159 Atilium
611 1116 725 1159 matrem
734 1122 819 1170 ruant,
830 1110 956 1171 Quincti.

153 1189 231 1229 enus.
242 1176 357 1229 Glitium
374 1178 498 1239 Gallum,
520 1175 639 1229 Senecio
659 1175 777 1229 Annium
795 1176 956 1243 Pollionem,

153 1246 305 1297 amicorum
315 1245 494 1314 praecipuos,
513 1244 704 1296 nominavere.

205 1314 292 1367 Lvlr.
319 1318 409 1380 Atque
423 1314 540 1364 interim
555 1312 631 1365 Nero
646 1296 831 1377 recordatus!
843 1315 957 1369 Volusii

152 1380 266 1435 Proculi
277 1383 381 1434 indicio
391 1378 542 1450 Epicharin
553 1381 690 1444 adtineri,
710 1388 847 1451 ratusque
857 1384 954 1437 mulie-

135 1476 137 1479 ·
152 1452 204 1503 bre
214 1466 316 1521 corpus
331 1454 413 1520 inpar
424 1451 529 1516 dolori,
550 1451 690 1503 tormentis
705 1451 852 1504 dilacerari
867 1454 954 1504 iubet.

151 1522 188 1573 At
197 1521 275 1574 illam
285 1539 343 1575 nou
352 1523 486 1584 verbera,
504 1536 565 1572 nou
578 1523 670 1588 ignes,
691 1537 748 1573 non
764 1522 808 1573 ira
819 1537 852 1574 ee
864 1523 955 1584 acrius

152 1593 359 1658 torquentium,
380 1589 561 1642 aeufemiae
570 1595 784 1657 spernerentur,
802 1593 955 1658 pervicere,

152 1661 221 1723 quin
241 1661 353 1713 obiecta
370 1661 536 1726 denegaret.
587 1657 634 1710 Sic
653 1658 760 1726 primus
780 1658 956 1724 quaestionis

152 1726 213 1779 (lies
227 1734 414 1796 contemptus.
448 1728 584 1792 Postero,
602 1742 664 1778 eum
675 1727 711 1778 ud
722 1728 836 1780 eosdem
853 1727 957 1778 crucia·

85 1854 89 1859 .
151 1799 198 1847 tus
209 1795 405 1849 retraheretur
418 1798 577 1864 gestamine
595 1795 698 1858 sellae,
717 1798 794 1858 (uam
809 1793 956 1846 dissolutis

151 1866 285 1918 membris
305 1867 440 1918 insistere
459 1866 606 1932 nequibat>
627 1865 718 1916 vinclo
739 1864 854 1926 fasciae,
872 1876 958 1930 quam

150 1936 261 2001 pectori
270 1935 444 1998 detraxerat
453 1935 483 1986 in
492 1934 605 1986 modurn
615 1933 709 2001 laquei
719 1933 754 1984 ad
763 1949 858 1985 arcum
869 1931 958 1987 sellae

150 2003 295 2066 restricto,
305 2005 409 2056 indidit
418 2005 564 2065 cervicem,
575 2003 612 2066 et,
623 2003 748 2070 eorporis
757 2003 881 2070 pondere
893 2015 960 2070 con·

150 2069 224 2135 uisa,
244 2075 359 2139 tenuem
374 2075 432 2126 iarn
446 2074 577 2140 spiritum
599 2073 751 2139 expressit:
772 2072 891 2126 clariore
909 2085 959 2146 erp·

153 2139 244 2206 emplo
254 2141 391 2193 libertino
400 2142 511 2204 mulier,
522 2142 551 2190 in
562 2146 643 2192 tauta
652 2141 833 2205 necessitate,
846 2143 960 2195 elicitos

152 2220 185 2262 ee
193 2223 281 2276 prope
292 2211 407 2277 ignotos
415 2209 604 2278 protegendo,
622 2224 684 2260 cum
695 2209 811 2277 ingenui
822 2217 852 2262 et
861 2213 914 2262 viri
925 2219 955 2263 et

151 2275 269 2342 Equites
288 2278 409 2330 Romani
427 2278 653 2345 Seuatoresque,
673 2278 774 2330 intacti
793 2283 956 2344 tormentis,

151 2347 297 2398 carissima
304 2362 420 2400 suorum
430 2351 547 2416 quisque
557 2348 708 2416 pignorum
715 2348 879 2434 proderent
890 2348 953 2399 Non

151 2415 225 2465 enim
233 2417 538 2470 omittebaneLueanus
567 2430 659 2485 noque
669 2422 698 2467 et
706 2416 823 2469 senecio
835 2418 956 2478 etQuin·

151 2485 261 2536 etianus
271 2487 377 2551 passim
387 2488 517 2540 conscios
528 2433 628 2549 egere,
647 2485 739 2554 magis
749 2486 892 2552 magisque
907 2501 956 2554 pa·

149 2551 343 2620 vidoNeroue‚
353 2553 722 2627 quamquemmultiplicatis
730 2556 853 2608 excubiis
863 2560 956 2608 semet
989 2517 1006 2604 i

150 2623 295 2689 repuisset.
396 2639 400 2641 ’
1004 2627 1012 2650 ³

973 2879 998 2932 ἱ,
