2034 3025
77 117 152 198 nia.
163 126 220 221 rii.
237 141 457 203 onera-ro.
472 142 518 213 [A.
529 148 631 204 voe.
649 146 683 199 A.
694 147 724 200 e
736 150 787 217 70.]
809 110 858 202 nr'

60 249 161 303 aeditui
177 248 378 312 contubernio,
408 250 548 301 modicum
568 249 699 303 sacellum
713 264 777 301 sorr
792 263 857 301 corr·
891 304 894 317 Ι
991 280 994 294 ·

60 332 223 380 srnrsroar,
241 333 376 387 mamque
384 320 491 387 posuit,
507 332 589 370 casus
599 332 667 369 suos
677 319 706 367 in
716 332 858 371 marmore

61 402 227 454 expressam.
262 389 340 451 Mox,
355 388 505 456 lmperium
517 387 645 453 adeptus,
663 400 724 439 rovr
735 402 860 443 ovswonr

61 457 189 524 templum
202 458 319 523 ingens,
349 473 436 525 seque
452 459 480 507 ia
496 460 562 509 sinu
573 456 628 507 Dei
644 459 772 510 sacrarit.
809 456 858 511 Sa-

60 527 137 579 binus
148 530 178 577 et
187 525 307 589 Atticus,
326 528 438 578 onerati
448 528 558 578 eatenis
570 530 599 577 et
610 524 800 579 advitellium
811 528 859 579 du·

60 596 110 657 eti,
129 608 304 661 nequaquam
315 594 422 661 infesto
432 610 562 647 sermone
572 596 707 663 vultuque
718 597 872 665 excipiam„

58 670 116 727 tur,
133 662 333 727 frementibus,
357 666 405 732 qui
415 666 459 716 los
470 665 578 728 caedis,
602 670 631 717 et
641 668 767 731 praemia
777 680 859 717 nara·
894 673 897 679 '

58 739 104 784 tae
123 746 242 799 operae,
267 734 418 801 petebant.
454 736 582 786 Clamore
598 750 615 786 a
630 737 858 801 proximis'orto,

58 802 171 854 sordida
181 816 246 868 pars
256 804 347 871 plebis
359 804 524 870 supplicium
537 803 634 856 Sabini
645 807 785 875 exposcit,
808 806 859 857 mi-

57 886 108 923 nas
122 871 355 939 adulationesque
369 876 478 938 miscet.
515 872 645 927 Stantem
659 890 712 943 pro
723 874 870 945 gradibus·

56 942 153 1009 palatii
162 942 311 995 Vitellium
317 979 326 1007 ,
355 948 386 995 et
399 959 497 1011 preces
512 950 675 1009 parantem,
702 947 859 1014 pervicere,

55 1020 88 1064 ut
105 1012 265 1065 absisteret.
300 1014 374 1064 Tum
398 1013 561 1065 confossum
585 1014 866 1083 conlaeeratnmqum

56 1086 85 1134 et
94 1082 184 1149 eapite
193 1086 341 1145 truncum,
368 1096 473 1149 eorpus
484 1078 582 1135 Sabini
596 1083 627 1133 in
638 1082 792 1135 Gemonias
802 1090 858 1135 tra-

54 1150 130 1203 hunt.
676 1149 680 1155 ’

105 1218 218 1273 Lxxv.
246 1220 302 1271 llio
321 1220 416 1271 exitus
439 1220 494 1270 riri
515 1217 590 1271 haud
609 1220 858 1289 sane-spernendi.

53 1289 182 1358 Quinque
199 1294 230 1341 et
242 1290 364 1358 triginta
378 1289 520 1357 stipendia
533 1291 562 1339 in
573 1291 727 1358 Republica
742 1291 859 1354 fecerat,

52 1359 129 1410 domi
140 1358 318 1425 militiaeque
328 1359 433 1409 clarus:
458 1361 651 1412 innocentiam
661 1362 858 1427 iustitiamque

52 1428 114 1480 eias
125 1441 182 1477 non
193 1442 342 1493 argueres:
356 1430 502 1479 sermonis
513 1430 616 1480 nimius
626 1437 698 1480 erat.
730 1429 760 1480 ld
772 1444 857 1479 unum
945 1482 946 1487 ,

51 1500 162 1563 septem
173 1496 271 1559 anuis,
290 1497 391 1564 quibus
402 1490 556 1562 Moesiam,
576 1497 736 1564 duodeeim,
756 1498 857 1566 quibus

49 1564 262 1618 Praefeolumm
280 1567 360 1617 urbis
370 1568 518 1629 obtinuit,
547 1568 733 1620 calumniatus
753 1573 798 1620 est
812 1583 846 1620 ru

48 1649 120 1688 mor.
156 1635 188 1686 ln
199 1633 257 1686 fine
266 1635 341 1686 ritae
356 1636 405 1687 alil
421 1651 552 1704 segnem,
583 1637 665 1688 molti
680 1638 856 1690 moderatum

24 1718 36 1726 ¹
48 1710 81 1756 et
90 1704 193 1756 civium
209 1705 357 1772 sauguinis
372 1720 485 1773 parenni
496 1707 651 1759 credidere.
688 1705 769 1770 Quod
780 1709 858 1759 inter
951 1725 953 1731 ⁴

48 1789 150 1826 omnes
160 1775 330 1838 eonstiterit,
341 1781 407 1827 ante
418 1775 608 1844 Principatum
619 1773 795 1844 Vespasiani,
811 1772 845 1829 de

46 1857 98 1895 eus
110 1843 210 1897 domus
225 1859 314 1911 penes
330 1843 465 1898 Sabinum
482 1853 554 1898 erat.
592 1846 713 1898 Caedem
728 1849 789 1899 eins
800 1846 854 1899 lae·

44 1919 106 1964 teni
118 1911 209 1966 luisse
218 1914 349 1965 Muciano
361 1917 526 1982 accepimus.
548 1911 705 1968 ⁴ll'erebant
719 1913 858 1984 plerique,

22 2022 25 2026 .
44 1980 133 2034 etiam
149 1982 216 2052 poci
235 1984 401 2046 consultam,
432 1985 567 2052 dirempta
584 1985 766 2040 aemolatlone
783 1986 857 2039 inter
912 2047 915 2055 1

43 2051 123 2114 daos,
138 2068 253 2118 quorum
262 2055 334 2104 alter
343 2053 501 2125 sesratrem
509 2055 699 2123 Imperatoris,
715 2059 787 2108 alter
796 2072 857 2109 con·

42 2128 149 2204 sortem
160 2120 283 2204 'Imperii
305 2121 449 2190 cogitaret.
494 2122 551 2176 Sed
570 2125 704 2182 Vitellius
722 2125 855 2180 Consulis

38 2190 856 2332 llllliiffleliiieilldlliligieillinierat

39 2327 142 2381 coliem
152 2328 328 2394 incendisset,
357 2345 388 2382 se
398 2347 479 2383 reum
494 2333 602 2386 Atticus
613 2335 765 2402 obtulerat.
802 2335 855 2386 Ea-

39 2398 314 2467 queeonlessione,
338 2403 397 2453 sire
419 2407 514 2469 aptum
536 2405 658 2471 tempori
677 2404 854 2456 mendaoium

38 2469 114 2532 fuit,
144 2468 279 2520 invidiam
290 2471 450 2538 crimenque
464 2474 628 2540 agnovisse,
657 2475 852 2542 etapartlbus

36 2538 154 2591 Vitellii
165 2540 306 2602 amolitus,
325 2539 482 2593 ridebatur.
673 2555 679 2564 ·

91 2609 221 2662 Lxxvr.
241 2608 344 2661 lisdem
354 2609 451 2662 diebus
461 2610 495 2662 L.
505 2610 649 2675 Vitellius,
663 2613 765 2680 positis
776 2612 851 2680 apud

32 2677 194 2732 Feroniam
215 2681 330 2745 eastris,
359 2681 470 2734 excidio
489 2681 662 2734 Tarracinae
681 2683 849 2735 inminebat:
