<?xml version="1.0" encoding="UTF-8"?>
<!DOCTYPE html PUBLIC "-//W3C//DTD XHTML 1.0 Transitional//EN"
    "http://www.w3.org/TR/xhtml1/DTD/xhtml1-transitional.dtd">
<html xmlns="http://www.w3.org/1999/xhtml" xml:lang="en" lang="en">
 <head>
  <title>
</title>
<meta http-equiv="Content-Type" content="text/html;charset=utf-8" />
  <meta name='ocr-system' content='tesseract 3.04.00' />
  <meta name='ocr-capabilities' content='ocr_page ocr_carea ocr_par ocr_line ocrx_word'/>
</head>
<body>
  <div class='ocr_page' id='page_1' title='image "./ccorneliitaciti00socigoog/ccorneliitaciti00socigoog_0571.png"; bbox 0 0 2034 3025; ppageno 0'>
   <div class='ocr_carea' id='block_1_1' title="bbox 169 62 944 175">
    <p class='ocr_par' dir='ltr' id='par_1_1' title="bbox 169 62 944 175">
     <span class='ocr_line' id='line_1_1' title="bbox 169 62 944 175; baseline -0.008 -12"><span class='ocrx_word' id='word_1_1' title='bbox 169 109 221 163; x_wconf 84' lang='lat' dir='ltr'><strong>no</strong></span> <span class='ocrx_word' id='word_1_2' title='bbox 253 102 557 161; x_wconf 80' lang='lat' dir='ltr'><strong>nrsromnnvu</strong></span> <span class='ocrx_word' id='word_1_3' title='bbox 575 102 890 175; x_wconf 78' lang='lat' dir='ltr'><strong>[n.v.o2r.n.c.70.]</strong></span> <span class='ocrx_word' id='word_1_4' title='bbox 940 62 944 69; x_wconf 39' lang='lat'><strong>¹</strong></span> 
     </span>
    </p>
   </div>
   <div class='ocr_carea' id='block_1_2' title="bbox 63 210 1010 2254">
    <p class='ocr_par' dir='ltr' id='par_1_2' title="bbox 217 210 1010 277">
     <span class='ocr_line' id='line_1_2' title="bbox 217 210 1010 277; baseline -0.004 -10"><span class='ocrx_word' id='word_1_5' title='bbox 217 214 328 269; x_wconf 73' lang='lat' dir='ltr'><strong>xnvn.</strong></span> <span class='ocrx_word' id='word_1_6' title='bbox 347 211 444 263; x_wconf 86' lang='lat' dir='ltr'><strong>Subita</strong></span> <span class='ocrx_word' id='word_1_7' title='bbox 454 225 504 277; x_wconf 86' lang='lat' dir='ltr'><strong>per</strong></span> <span class='ocrx_word' id='word_1_8' title='bbox 515 210 635 261; x_wconf 85' lang='lat' dir='ltr'><strong>Pontum</strong></span> <span class='ocrx_word' id='word_1_9' title='bbox 645 224 722 261; x_wconf 79' lang='lat' dir='ltr'><strong>arnna</strong></span> <span class='ocrx_word' id='word_1_10' title='bbox 730 211 886 261; x_wconf 84' lang='lat' dir='ltr'><strong>barbarum</strong></span> <span class='ocrx_word' id='word_1_11' title='bbox 898 227 975 264; x_wconf 87' lang='lat' dir='ltr'><strong>man·</strong></span> <span class='ocrx_word' id='word_1_12' title='bbox 1007 225 1010 238; x_wconf 86' lang='lat'><strong>¹</strong></span> 
     </span>
    </p>

    <p class='ocr_par' dir='ltr' id='par_1_3' title="bbox 166 278 976 349">
     <span class='ocr_line' id='line_1_3' title="bbox 166 278 976 349; baseline -0.005 -13"><span class='ocrx_word' id='word_1_13' title='bbox 166 282 283 349; x_wconf 76' lang='lat' dir='ltr'><strong>cipiunt,</strong></span> <span class='ocrx_word' id='word_1_14' title='bbox 308 282 412 347; x_wconf 79' lang='lat' dir='ltr'><strong>Regiae</strong></span> <span class='ocrx_word' id='word_1_15' title='bbox 422 279 561 347; x_wconf 87' lang='lat' dir='ltr'><strong>quondam</strong></span> <span class='ocrx_word' id='word_1_16' title='bbox 573 278 668 329; x_wconf 85' lang='lat' dir='ltr'><strong>elassis</strong></span> <span class='ocrx_word' id='word_1_17' title='bbox 678 278 856 343; x_wconf 69' lang='lat' dir='ltr'>Praefectus,</span> <span class='ocrx_word' id='word_1_18' title='bbox 880 294 976 333; x_wconf 81' lang='lat' dir='ltr'><strong>more·</strong></span> 
     </span>
    </p>

    <p class='ocr_par' dir='ltr' id='par_1_4' title="bbox 167 346 975 415">
     <span class='ocr_line' id='line_1_4' title="bbox 167 346 975 415; baseline -0.002 -12"><span class='ocrx_word' id='word_1_19' title='bbox 167 360 221 403; x_wconf 85' lang='lat' dir='ltr'><strong>rat.</strong></span> <span class='ocrx_word' id='word_1_20' title='bbox 255 348 343 401; x_wconf 80' lang='lat' dir='ltr'><strong>isfuit</strong></span> <span class='ocrx_word' id='word_1_21' title='bbox 351 350 496 411; x_wconf 83' lang='lat' dir='ltr'><strong>Anicetus,</strong></span> <span class='ocrx_word' id='word_1_22' title='bbox 522 346 682 399; x_wconf 83' lang='lat' dir='ltr'><strong>Polemonis</strong></span> <span class='ocrx_word' id='word_1_23' title='bbox 692 346 821 409; x_wconf 85' lang='lat' dir='ltr'><strong>libertus,</strong></span> <span class='ocrx_word' id='word_1_24' title='bbox 853 362 975 415; x_wconf 85' lang='lat' dir='ltr'><strong>praepo·</strong></span> 
     </span>
    </p>

    <p class='ocr_par' dir='ltr' id='par_1_5' title="bbox 167 413 975 483">
     <span class='ocr_line' id='line_1_5' title="bbox 167 413 975 483; baseline -0.004 -11"><span class='ocrx_word' id='word_1_25' title='bbox 167 428 229 472; x_wconf 87' lang='lat' dir='ltr'><strong>tens</strong></span> <span class='ocrx_word' id='word_1_26' title='bbox 238 420 320 481; x_wconf 74' lang='lat' dir='ltr'><strong>adm,</strong></span> <span class='ocrx_word' id='word_1_27' title='bbox 340 422 383 479; x_wconf 88' lang='lat' dir='ltr'><strong>et,</strong></span> <span class='ocrx_word' id='word_1_28' title='bbox 401 422 551 483; x_wconf 82' lang='lat' dir='ltr'><strong>postquam</strong></span> <span class='ocrx_word' id='word_1_29' title='bbox 560 430 678 483; x_wconf 83' lang='lat' dir='ltr'><strong>regnum</strong></span> <span class='ocrx_word' id='word_1_30' title='bbox 687 416 717 465; x_wconf 90' lang='lat' dir='ltr'><strong>in</strong></span> <span class='ocrx_word' id='word_1_31' title='bbox 728 413 848 469; x_wconf 78' lang='lat' dir='ltr'><strong>somnam</strong></span> <span class='ocrx_word' id='word_1_32' title='bbox 860 422 975 483; x_wconf 87' lang='lat' dir='ltr'><strong>provin·</strong></span> 
     </span>
    </p>

    <p class='ocr_par' dir='ltr' id='par_1_6' title="bbox 167 484 974 551">
     <span class='ocr_line' id='line_1_6' title="bbox 167 484 974 551; baseline -0.004 -10"><span class='ocrx_word' id='word_1_33' title='bbox 167 490 227 541; x_wconf 80' lang='lat' dir='ltr'><strong>ciac</strong></span> <span class='ocrx_word' id='word_1_34' title='bbox 242 491 380 548; x_wconf 80' lang='lat' dir='ltr'><strong>verterat,</strong></span> <span class='ocrx_word' id='word_1_35' title='bbox 399 485 561 535; x_wconf 77' lang='lat' dir='ltr'><strong>mutationis</strong></span> <span class='ocrx_word' id='word_1_36' title='bbox 575 484 722 549; x_wconf 76' lang='lat' dir='ltr'><strong>inpatiens.</strong></span> <span class='ocrx_word' id='word_1_37' title='bbox 757 485 847 551; x_wconf 81' lang='lat' dir='ltr'><strong>lgitur</strong></span> <span class='ocrx_word' id='word_1_38' title='bbox 863 484 974 538; x_wconf 90' lang='lat' dir='ltr'><strong>Vitellii</strong></span> 
     </span>
    </p>

    <p class='ocr_par' dir='ltr' id='par_1_7' title="bbox 166 551 973 619">
     <span class='ocr_line' id='line_1_7' title="bbox 166 551 973 619; baseline -0.005 -11"><span class='ocrx_word' id='word_1_39' title='bbox 166 558 292 619; x_wconf 85' lang='lat' dir='ltr'><strong>nomine,</strong></span> <span class='ocrx_word' id='word_1_40' title='bbox 318 554 430 605; x_wconf 82' lang='lat' dir='ltr'><strong>adscitis</strong></span> <span class='ocrx_word' id='word_1_41' title='bbox 440 551 585 618; x_wconf 82' lang='lat' dir='ltr'><strong>gentibus,</strong></span> <span class='ocrx_word' id='word_1_42' title='bbox 613 567 684 619; x_wconf 86' lang='lat' dir='ltr'><strong>quae</strong></span> <span class='ocrx_word' id='word_1_43' title='bbox 694 551 813 603; x_wconf 84' lang='lat' dir='ltr'><strong>Pontum</strong></span> <span class='ocrx_word' id='word_1_44' title='bbox 823 552 973 619; x_wconf 83' lang='lat' dir='ltr'><strong>adcolunt,</strong></span> 
     </span>
    </p>

    <p class='ocr_par' dir='ltr' id='par_1_8' title="bbox 167 619 973 691">
     <span class='ocr_line' id='line_1_8' title="bbox 167 619 973 691; baseline -0.001 -15"><span class='ocrx_word' id='word_1_45' title='bbox 167 629 302 690; x_wconf 87' lang='lat' dir='ltr'><strong>conrupto</strong></span> <span class='ocrx_word' id='word_1_46' title='bbox 320 624 350 672; x_wconf 91' lang='lat' dir='ltr'><strong>in</strong></span> <span class='ocrx_word' id='word_1_47' title='bbox 369 636 450 687; x_wconf 88' lang='lat' dir='ltr'><strong>spem.</strong></span> <span class='ocrx_word' id='word_1_48' title='bbox 469 619 628 685; x_wconf 85' lang='lat' dir='ltr'><strong>rapinarbm</strong></span> <span class='ocrx_word' id='word_1_49' title='bbox 647 620 825 687; x_wconf 80' lang='lat' dir='ltr'><strong>egentissimo</strong></span> <span class='ocrx_word' id='word_1_50' title='bbox 848 637 973 691; x_wconf 72' lang='lat' dir='ltr'><strong>quoqne,</strong></span> 
     </span>
    </p>

    <p class='ocr_par' dir='ltr' id='par_1_9' title="bbox 168 688 973 754">
     <span class='ocr_line' id='line_1_9' title="bbox 168 688 973 754; baseline -0.004 -9"><span class='ocrx_word' id='word_1_51' title='bbox 168 691 241 745; x_wconf 87' lang='lat' dir='ltr'><strong>baud</strong></span> <span class='ocrx_word' id='word_1_52' title='bbox 250 690 414 743; x_wconf 86' lang='lat' dir='ltr'><strong>tenendae</strong></span> <span class='ocrx_word' id='word_1_53' title='bbox 424 703 522 739; x_wconf 83' lang='lat' dir='ltr'><strong>manus</strong></span> <span class='ocrx_word' id='word_1_54' title='bbox 533 688 645 749; x_wconf 76' lang='lat' dir='ltr'><strong>ductm,</strong></span> <span class='ocrx_word' id='word_1_55' title='bbox 674 689 900 754; x_wconf 77' lang='lat' dir='ltr'><strong>Trapezuntem,</strong></span> <span class='ocrx_word' id='word_1_56' title='bbox 930 708 973 743; x_wconf 81' lang='lat' dir='ltr'><strong>re·</strong></span> 
     </span>
    </p>

    <p class='ocr_par' dir='ltr' id='par_1_10' title="bbox 119 754 972 820">
     <span class='ocr_line' id='line_1_10' title="bbox 119 754 972 820; baseline -0.001 -8"><span class='ocrx_word' id='word_1_57' title='bbox 119 807 128 815; x_wconf 84' lang='lat'><em>.</em></span> <span class='ocrx_word' id='word_1_58' title='bbox 166 766 245 812; x_wconf 84' lang='lat' dir='ltr'><strong>tusto</strong></span> <span class='ocrx_word' id='word_1_59' title='bbox 254 758 330 809; x_wconf 77' lang='lat' dir='ltr'><strong>fama</strong></span> <span class='ocrx_word' id='word_1_60' title='bbox 343 760 500 820; x_wconf 81' lang='lat' dir='ltr'><strong>civitatem,</strong></span> <span class='ocrx_word' id='word_1_61' title='bbox 519 754 675 818; x_wconf 85' lang='lat' dir='ltr'><strong>aGraecis,</strong></span> <span class='ocrx_word' id='word_1_62' title='bbox 699 758 728 806; x_wconf 91' lang='lat' dir='ltr'><strong>in</strong></span> <span class='ocrx_word' id='word_1_63' title='bbox 738 763 865 809; x_wconf 85' lang='lat' dir='ltr'><strong>extremo</strong></span> <span class='ocrx_word' id='word_1_64' title='bbox 875 758 972 811; x_wconf 89' lang='lat' dir='ltr'><strong>Ponti·</strong></span> 
     </span>
    </p>

    <p class='ocr_par' dir='ltr' id='par_1_11' title="bbox 63 825 971 889">
     <span class='ocr_line' id='line_1_11' title="bbox 63 825 971 889; baseline 0.001 -10"><span class='ocrx_word' id='word_1_65' title='bbox 63 847 67 853; x_wconf 65' lang='grc'><strong>’</strong></span> <span class='ocrx_word' id='word_1_66' title='bbox 167 840 217 879; x_wconf 84' lang='lat' dir='ltr'><strong>cae</strong></span> <span class='ocrx_word' id='word_1_67' title='bbox 236 840 304 879; x_wconf 88' lang='lat' dir='ltr'><strong>orae</strong></span> <span class='ocrx_word' id='word_1_68' title='bbox 320 826 469 885; x_wconf 88' lang='lat' dir='ltr'><strong>conditam,</strong></span> <span class='ocrx_word' id='word_1_69' title='bbox 499 826 606 875; x_wconf 85' lang='lat' dir='ltr'><strong>subitus</strong></span> <span class='ocrx_word' id='word_1_70' title='bbox 620 825 733 889; x_wconf 83' lang='lat' dir='ltr'><strong>inrupit.</strong></span> <span class='ocrx_word' id='word_1_71' title='bbox 770 827 861 878; x_wconf 83' lang='lat' dir='ltr'><strong>Caesa</strong></span> <span class='ocrx_word' id='word_1_72' title='bbox 874 828 919 879; x_wconf 88' lang='lat' dir='ltr'><strong>ibi</strong></span> <span class='ocrx_word' id='word_1_73' title='bbox 930 844 971 880; x_wconf 81' lang='lat' dir='ltr'><strong>eo</strong></span> 
     </span>
    </p>

    <p class='ocr_par' dir='ltr' id='par_1_12' title="bbox 167 892 971 961">
     <span class='ocr_line' id='line_1_12' title="bbox 167 892 971 961; baseline 0.001 -13"><span class='ocrx_word' id='word_1_74' title='bbox 167 894 249 957; x_wconf 84' lang='lat' dir='ltr'><strong>bors,</strong></span> <span class='ocrx_word' id='word_1_75' title='bbox 277 894 395 961; x_wconf 80' lang='lat' dir='ltr'><strong>Regium</strong></span> <span class='ocrx_word' id='word_1_76' title='bbox 410 892 542 945; x_wconf 83' lang='lat' dir='ltr'><strong>auxilium</strong></span> <span class='ocrx_word' id='word_1_77' title='bbox 557 892 637 954; x_wconf 86' lang='lat' dir='ltr'><strong>olim,</strong></span> <span class='ocrx_word' id='word_1_78' title='bbox 665 895 730 943; x_wconf 72' lang='lat' dir='ltr'><strong>mox&#39;</strong></span> <span class='ocrx_word' id='word_1_79' title='bbox 746 893 843 957; x_wconf 76' lang='lat' dir='ltr'><strong>donati</strong></span> <span class='ocrx_word' id='word_1_80' title='bbox 857 898 971 949; x_wconf 84' lang='lat' dir='ltr'><strong>civitate</strong></span> 
     </span>
    </p>

    <p class='ocr_par' dir='ltr' id='par_1_13' title="bbox 168 962 971 1028">
     <span class='ocr_line' id='line_1_13' title="bbox 168 962 971 1028; baseline 0.002 -13"><span class='ocrx_word' id='word_1_81' title='bbox 168 962 313 1024; x_wconf 81' lang='lat' dir='ltr'><strong>Romann,&#39;</strong></span> <span class='ocrx_word' id='word_1_82' title='bbox 336 962 416 1028; x_wconf 83' lang='lat' dir='ltr'><strong>signa</strong></span> <span class='ocrx_word' id='word_1_83' title='bbox 425 976 557 1027; x_wconf 82' lang='lat' dir='ltr'><strong>armaque</strong></span> <span class='ocrx_word' id='word_1_84' title='bbox 567 962 596 1010; x_wconf 92' lang='lat' dir='ltr'><strong>in</strong></span> <span class='ocrx_word' id='word_1_85' title='bbox 606 965 732 1011; x_wconf 88' lang='lat' dir='ltr'><strong>nostrum</strong></span> <span class='ocrx_word' id='word_1_86' title='bbox 743 962 870 1026; x_wconf 90' lang='lat' dir='ltr'><strong>modum,</strong></span> <span class='ocrx_word' id='word_1_87' title='bbox 904 966 971 1017; x_wconf 79' lang='lat' dir='ltr'><strong>desi·</strong></span> 
     </span>
    </p>

    <p class='ocr_par' dir='ltr' id='par_1_14' title="bbox 168 1028 971 1097">
     <span class='ocr_line' id='line_1_14' title="bbox 168 1028 971 1097; baseline 0.002 -15"><span class='ocrx_word' id='word_1_88' title='bbox 168 1032 243 1083; x_wconf 86' lang='lat' dir='ltr'><strong>diam</strong></span> <span class='ocrx_word' id='word_1_89' title='bbox 258 1031 454 1097; x_wconf 85' lang='lat' dir='ltr'><strong>licentiamque</strong></span> <span class='ocrx_word' id='word_1_90' title='bbox 465 1028 647 1091; x_wconf 82' lang='lat' dir='ltr'><strong>Graecorum,</strong></span> <span class='ocrx_word' id='word_1_91' title='bbox 676 1030 844 1081; x_wconf 88' lang='lat' dir='ltr'><strong>retinebant.</strong></span> <span class='ocrx_word' id='word_1_92' title='bbox 883 1033 971 1084; x_wconf 84' lang='lat' dir='ltr'><strong>Classi</strong></span> 
     </span>
    </p>

    <p class='ocr_par' dir='ltr' id='par_1_15' title="bbox 140 1096 971 1167">
     <span class='ocr_line' id='line_1_15' title="bbox 140 1096 971 1167; baseline 0.005 -18"><span class='ocrx_word' id='word_1_93' title='bbox 140 1118 145 1121; x_wconf 95' lang='lat'>·</span> <span class='ocrx_word' id='word_1_94' title='bbox 168 1115 278 1167; x_wconf 87' lang='lat' dir='ltr'><strong>quoquo</strong></span> <span class='ocrx_word' id='word_1_95' title='bbox 290 1099 364 1150; x_wconf 86' lang='lat' dir='ltr'><strong>faces</strong></span> <span class='ocrx_word' id='word_1_96' title='bbox 374 1098 483 1158; x_wconf 88' lang='lat' dir='ltr'><strong>intulit,</strong></span> <span class='ocrx_word' id='word_1_97' title='bbox 502 1112 589 1147; x_wconf 83' lang='lat' dir='ltr'><strong>vacue</strong></span> <span class='ocrx_word' id='word_1_98' title='bbox 599 1100 684 1159; x_wconf 87' lang='lat' dir='ltr'><strong>mari,</strong></span> <span class='ocrx_word' id='word_1_99' title='bbox 703 1096 831 1161; x_wconf 85' lang='lat' dir='ltr'><strong>eludens,</strong></span> <span class='ocrx_word' id='word_1_100' title='bbox 853 1103 971 1167; x_wconf 86' lang='lat' dir='ltr'><strong>quiale-</strong></span> 
     </span>
    </p>

    <p class='ocr_par' dir='ltr' id='par_1_16' title="bbox 167 1165 973 1233">
     <span class='ocr_line' id='line_1_16' title="bbox 167 1165 973 1233; baseline 0.004 -15"><span class='ocrx_word' id='word_1_101' title='bbox 167 1170 304 1219; x_wconf 83' lang='lat' dir='ltr'><strong>ctissimas</strong></span> <span class='ocrx_word' id='word_1_102' title='bbox 316 1166 542 1226; x_wconf 80' lang='lat' dir='ltr'><strong>Liburnicarum,</strong></span> <span class='ocrx_word' id='word_1_103' title='bbox 563 1180 727 1233; x_wconf 75' lang='lat' dir='ltr'><strong>carnemque</strong></span> <span class='ocrx_word' id='word_1_104' title='bbox 737 1165 854 1230; x_wconf 84' lang='lat' dir='ltr'><strong>militem</strong></span> <span class='ocrx_word' id='word_1_105' title='bbox 865 1169 973 1221; x_wconf 81' lang='lat' dir='ltr'><strong>Mucio-</strong></span> 
     </span>
    </p>

    <p class='ocr_par' dir='ltr' id='par_1_17' title="bbox 168 1232 972 1301">
     <span class='ocr_line' id='line_1_17' title="bbox 168 1232 972 1301; baseline 0.007 -18"><span class='ocrx_word' id='word_1_106' title='bbox 168 1249 220 1287; x_wconf 82' lang='lat' dir='ltr'><strong>nns</strong></span> <span class='ocrx_word' id='word_1_107' title='bbox 232 1234 399 1301; x_wconf 82' lang='lat' dir='ltr'><strong>Byzantium</strong></span> <span class='ocrx_word' id='word_1_108' title='bbox 417 1232 560 1299; x_wconf 70' lang='lat' dir='ltr'><strong>adegerat,</strong></span> <span class='ocrx_word' id='word_1_109' title='bbox 596 1234 668 1296; x_wconf 76' lang='lat' dir='ltr'><strong>Quin</strong></span> <span class='ocrx_word' id='word_1_110' title='bbox 681 1234 835 1287; x_wconf 82' lang='lat' dir='ltr'><strong>etharbari</strong></span> <span class='ocrx_word' id='word_1_111' title='bbox 846 1244 972 1289; x_wconf 85' lang='lat' dir='ltr'><strong>contern-</strong></span> 
     </span>
    </p>

    <p class='ocr_par' dir='ltr' id='par_1_18' title="bbox 113 1299 973 1372">
     <span class='ocr_line' id='line_1_18' title="bbox 113 1299 973 1372; baseline 0.003 -17"><span class='ocrx_word' id='word_1_112' title='bbox 113 1326 117 1331; x_wconf 70' lang='grc'>’</span> <span class='ocrx_word' id='word_1_113' title='bbox 169 1306 238 1372; x_wconf 89' lang='lat' dir='ltr'><strong>ptim</strong></span> <span class='ocrx_word' id='word_1_114' title='bbox 247 1303 431 1369; x_wconf 80' lang='lat' dir='ltr'><strong>vagabantur,</strong></span> <span class='ocrx_word' id='word_1_115' title='bbox 450 1299 591 1351; x_wconf 80' lang='lat' dir='ltr'><strong>fabricatis</strong></span> <span class='ocrx_word' id='word_1_116' title='bbox 601 1307 715 1366; x_wconf 84' lang='lat' dir='ltr'><strong>repente</strong></span> <span class='ocrx_word' id='word_1_117' title='bbox 725 1304 851 1366; x_wconf 65' lang='lat' dir='ltr'><strong>navibus,</strong></span> <span class='ocrx_word' id='word_1_118' title='bbox 871 1309 973 1367; x_wconf 83' lang='lat' dir='ltr'><strong>(cama-</strong></span> 
     </span>
    </p>

    <p class='ocr_par' dir='ltr' id='par_1_19' title="bbox 164 1367 972 1435">
     <span class='ocr_line' id='line_1_19' title="bbox 164 1367 972 1435; baseline 0.001 -10"><span class='ocrx_word' id='word_1_119' title='bbox 164 1373 336 1433; x_wconf 73' lang='lat' dir='ltr'><strong>convocant)</strong></span> <span class='ocrx_word' id='word_1_120' title='bbox 347 1367 587 1432; x_wconf 64' lang='lat' dir='ltr'><strong>trutinatoribus,</strong></span> <span class='ocrx_word' id='word_1_121' title='bbox 615 1370 759 1435; x_wconf 82' lang='lat' dir='ltr'><strong>lataaluo,</strong></span> <span class='ocrx_word' id='word_1_122' title='bbox 787 1372 972 1426; x_wconf 81' lang='lat' dir='ltr'><strong>sinerinculo</strong></span> 
     </span>
    </p>

    <p class='ocr_par' dir='ltr' id='par_1_20' title="bbox 46 1438 973 1505">
     <span class='ocr_line' id='line_1_20' title="bbox 167 1438 973 1505; baseline 0 -12"><span class='ocrx_word' id='word_1_123' title='bbox 167 1442 241 1493; x_wconf 82' lang='lat' dir='ltr'><strong>aeris</strong></span> <span class='ocrx_word' id='word_1_124' title='bbox 253 1446 304 1491; x_wconf 90' lang='lat' dir='ltr'><strong>aut</strong></span> <span class='ocrx_word' id='word_1_125' title='bbox 313 1439 380 1490; x_wconf 83' lang='lat' dir='ltr'><strong>ferri</strong></span> <span class='ocrx_word' id='word_1_126' title='bbox 389 1452 526 1491; x_wconf 77' lang='lat' dir='ltr'><strong>connexa:</strong></span> <span class='ocrx_word' id='word_1_127' title='bbox 555 1438 795 1501; x_wconf 87' lang='lat' dir='ltr'><strong>ettumidomari,</strong></span> <span class='ocrx_word' id='word_1_128' title='bbox 824 1448 915 1505; x_wconf 84' lang='lat' dir='ltr'><strong>prout</strong></span> <span class='ocrx_word' id='word_1_129' title='bbox 925 1443 973 1495; x_wconf 88' lang='lat' dir='ltr'><strong>flu·</strong></span> 
     </span>
    </p>

    <p class='ocr_par' dir='ltr' id='par_1_21' title="bbox 164 1506 976 1574">
     <span class='ocr_line' id='line_1_21' title="bbox 164 1506 976 1574; baseline -0.001 -14"><span class='ocrx_word' id='word_1_130' title='bbox 164 1508 387 1571; x_wconf 81' lang='lat' dir='ltr'><strong>etusadtollitur&#39;‚</strong></span> <span class='ocrx_word' id='word_1_131' title='bbox 418 1508 649 1558; x_wconf 80' lang='lat' dir='ltr'><strong>summa-navium</strong></span> <span class='ocrx_word' id='word_1_132' title='bbox 658 1506 761 1558; x_wconf 84' lang='lat' dir='ltr'><strong>tabulis</strong></span> <span class='ocrx_word' id='word_1_133' title='bbox 772 1515 897 1574; x_wconf 86' lang='lat' dir='ltr'><strong>augent,</strong></span> <span class='ocrx_word' id='word_1_134' title='bbox 928 1513 976 1564; x_wconf 70' lang='lat' dir='ltr'><strong>dn.</strong></span> 
     </span>
    </p>

    <p class='ocr_par' dir='ltr' id='par_1_22' title="bbox 169 1574 974 1634">
     <span class='ocr_line' id='line_1_22' title="bbox 169 1574 974 1634; baseline 0 -4"><span class='ocrx_word' id='word_1_135' title='bbox 169 1594 221 1631; x_wconf 90' lang='lat' dir='ltr'><strong>nec</strong></span> <span class='ocrx_word' id='word_1_136' title='bbox 230 1581 259 1629; x_wconf 88' lang='lat' dir='ltr'><strong>in</strong></span> <span class='ocrx_word' id='word_1_137' title='bbox 268 1578 380 1630; x_wconf 87' lang='lat' dir='ltr'><strong>modum</strong></span> <span class='ocrx_word' id='word_1_138' title='bbox 390 1577 458 1628; x_wconf 87' lang='lat' dir='ltr'><strong>tecti</strong></span> <span class='ocrx_word' id='word_1_139' title='bbox 468 1575 644 1627; x_wconf 82' lang='lat' dir='ltr'><strong>claudantur.</strong></span> <span class='ocrx_word' id='word_1_140' title='bbox 672 1574 718 1627; x_wconf 87' lang='lat' dir='ltr'><strong>Sic</strong></span> <span class='ocrx_word' id='word_1_141' title='bbox 727 1579 801 1627; x_wconf 89' lang='lat' dir='ltr'><strong>inter</strong></span> <span class='ocrx_word' id='word_1_142' title='bbox 810 1577 908 1630; x_wconf 87' lang='lat' dir='ltr'><strong>undas</strong></span> <span class='ocrx_word' id='word_1_143' title='bbox 918 1581 974 1634; x_wconf 86' lang='lat' dir='ltr'><strong>vol·</strong></span> 
     </span>
    </p>

    <p class='ocr_par' dir='ltr' id='par_1_23' title="bbox 167 1645 975 1716">
     <span class='ocr_line' id='line_1_23' title="bbox 167 1645 975 1716; baseline 0.002 -18"><span class='ocrx_word' id='word_1_144' title='bbox 167 1653 285 1709; x_wconf 75' lang='lat' dir='ltr'><strong>tantur,</strong></span> <span class='ocrx_word' id='word_1_145' title='bbox 314 1647 376 1712; x_wconf 87' lang='lat' dir='ltr'><strong>pari</strong></span> <span class='ocrx_word' id='word_1_146' title='bbox 389 1646 529 1711; x_wconf 80' lang='lat' dir='ltr'><strong>utrimque</strong></span> <span class='ocrx_word' id='word_1_147' title='bbox 540 1659 636 1709; x_wconf 87' lang='lat' dir='ltr'><strong>prora,</strong></span> <span class='ocrx_word' id='word_1_148' title='bbox 666 1648 695 1695; x_wconf 90' lang='lat' dir='ltr'><strong>et</strong></span> <span class='ocrx_word' id='word_1_149' title='bbox 704 1645 832 1696; x_wconf 86' lang='lat' dir='ltr'><strong>mutabili</strong></span> <span class='ocrx_word' id='word_1_150' title='bbox 843 1650 975 1716; x_wconf 83' lang='lat' dir='ltr'><strong>remigio,</strong></span> 
     </span>
    </p>

    <p class='ocr_par' dir='ltr' id='par_1_24' title="bbox 168 1712 976 1836">
     <span class='ocr_line' id='line_1_24' title="bbox 169 1712 976 1784; baseline 0.005 -19"><span class='ocrx_word' id='word_1_151' title='bbox 169 1717 280 1784; x_wconf 79' lang='lat' dir='ltr'><strong>quando</strong></span> <span class='ocrx_word' id='word_1_152' title='bbox 290 1713 355 1766; x_wconf 86' lang='lat' dir='ltr'><strong>hinc</strong></span> <span class='ocrx_word' id='word_1_153' title='bbox 365 1713 408 1765; x_wconf 83' lang='lat' dir='ltr'><strong>rel</strong></span> <span class='ocrx_word' id='word_1_154' title='bbox 416 1713 493 1764; x_wconf 87' lang='lat' dir='ltr'><strong>illinc</strong></span> <span class='ocrx_word' id='word_1_155' title='bbox 505 1712 645 1780; x_wconf 79' lang='lat' dir='ltr'><strong>adpellere</strong></span> <span class='ocrx_word' id='word_1_156' title='bbox 659 1713 840 1766; x_wconf 86' lang='lat' dir='ltr'><strong>indiscretum</strong></span> <span class='ocrx_word' id='word_1_157' title='bbox 851 1722 885 1767; x_wconf 91' lang='lat' dir='ltr'><strong>et</strong></span> <span class='ocrx_word' id='word_1_158' title='bbox 896 1719 976 1769; x_wconf 88' lang='lat' dir='ltr'><strong>inno·</strong></span> 
     </span>
     <span class='ocr_line' id='line_1_25' title="bbox 168 1786 490 1836; baseline -0.009 0"><span class='ocrx_word' id='word_1_159' title='bbox 168 1786 305 1836; x_wconf 82' lang='lat' dir='ltr'><strong>xiumest.</strong></span> <span class='ocrx_word' id='word_1_160' title='bbox 487 1801 490 1803; x_wconf 44' lang='lat'>*</span> 
     </span>
    </p>

    <p class='ocr_par' dir='ltr' id='par_1_25' title="bbox 220 1848 978 1916">
     <span class='ocr_line' id='line_1_26' title="bbox 220 1848 978 1916; baseline 0 -12"><span class='ocrx_word' id='word_1_161' title='bbox 220 1850 345 1904; x_wconf 71' lang='lat' dir='ltr'><strong>xnvnl.</strong></span> <span class='ocrx_word' id='word_1_162' title='bbox 363 1850 491 1904; x_wconf 81' lang='lat' dir='ltr'><strong>Advertit</strong></span> <span class='ocrx_word' id='word_1_163' title='bbox 500 1865 535 1904; x_wconf 87' lang='lat' dir='ltr'><strong>ea</strong></span> <span class='ocrx_word' id='word_1_164' title='bbox 546 1865 591 1902; x_wconf 82' lang='lat' dir='ltr'><strong>ree</strong></span> <span class='ocrx_word' id='word_1_165' title='bbox 600 1848 763 1916; x_wconf 76' lang='lat' dir='ltr'><strong>Vespasiani</strong></span> <span class='ocrx_word' id='word_1_166' title='bbox 773 1851 926 1916; x_wconf 63' lang='lat' dir='ltr'><strong>animum,</strong></span> <span class='ocrx_word' id='word_1_167' title='bbox 948 1861 978 1904; x_wconf 88' lang='lat' dir='ltr'><strong>ut</strong></span> 
     </span>
    </p>

    <p class='ocr_par' dir='ltr' id='par_1_26' title="bbox 77 1919 978 1986">
     <span class='ocr_line' id='line_1_27' title="bbox 77 1919 978 1986; baseline 0.004 -18"><span class='ocrx_word' id='word_1_168' title='bbox 77 1929 86 1940; x_wconf 84' lang='grc'><em>·</em></span> <span class='ocrx_word' id='word_1_169' title='bbox 169 1920 535 1986; x_wconf 79' lang='lat' dir='ltr'><strong>vexillarioselegionibns,</strong></span> <span class='ocrx_word' id='word_1_170' title='bbox 564 1921 726 1986; x_wconf 86' lang='lat' dir='ltr'><strong>Ducemque</strong></span> <span class='ocrx_word' id='word_1_171' title='bbox 736 1919 864 1970; x_wconf 89' lang='lat' dir='ltr'><strong>Virdium</strong></span> <span class='ocrx_word' id='word_1_172' title='bbox 880 1922 978 1974; x_wconf 76' lang='lat' dir='ltr'><strong>Genii·</strong></span> 
     </span>
    </p>

    <p class='ocr_par' dir='ltr' id='par_1_27' title="bbox 165 1987 979 2058">
     <span class='ocr_line' id='line_1_28' title="bbox 165 1987 979 2058; baseline 0.004 -20"><span class='ocrx_word' id='word_1_173' title='bbox 165 2002 249 2050; x_wconf 83' lang='lat' dir='ltr'><strong>uum,</strong></span> <span class='ocrx_word' id='word_1_174' title='bbox 267 1991 409 2051; x_wconf 84' lang='lat' dir='ltr'><strong>spectatae</strong></span> <span class='ocrx_word' id='word_1_175' title='bbox 419 1989 545 2050; x_wconf 84' lang='lat' dir='ltr'><strong>militiae,</strong></span> <span class='ocrx_word' id='word_1_176' title='bbox 566 1987 709 2054; x_wconf 83' lang='lat' dir='ltr'><strong>deligeret</strong></span> <span class='ocrx_word' id='word_1_177' title='bbox 745 1987 979 2058; x_wconf 86' lang='lat' dir='ltr'><strong>llleincomposi·</strong></span> 
     </span>
    </p>

    <p class='ocr_par' dir='ltr' id='par_1_28' title="bbox 169 2053 980 2120">
     <span class='ocr_line' id='line_1_29' title="bbox 169 2053 980 2120; baseline 0.007 -16"><span class='ocrx_word' id='word_1_178' title='bbox 169 2058 229 2105; x_wconf 82' lang='lat' dir='ltr'><strong>tum</strong></span> <span class='ocrx_word' id='word_1_179' title='bbox 239 2059 269 2105; x_wconf 90' lang='lat' dir='ltr'><strong>et</strong></span> <span class='ocrx_word' id='word_1_180' title='bbox 277 2054 396 2118; x_wconf 80' lang='lat' dir='ltr'><strong>praedae</strong></span> <span class='ocrx_word' id='word_1_181' title='bbox 405 2056 532 2119; x_wconf 91' lang='lat' dir='ltr'><strong>cupidine</strong></span> <span class='ocrx_word' id='word_1_182' title='bbox 541 2069 641 2120; x_wconf 78' lang='lat' dir='ltr'><strong>vagum</strong></span> <span class='ocrx_word' id='word_1_183' title='bbox 653 2053 760 2106; x_wconf 87' lang='lat' dir='ltr'><strong>bostem</strong></span> <span class='ocrx_word' id='word_1_184' title='bbox 770 2056 905 2120; x_wconf 83' lang='lat' dir='ltr'><strong>adortus,</strong></span> <span class='ocrx_word' id='word_1_185' title='bbox 917 2076 980 2110; x_wconf 84' lang='lat' dir='ltr'><strong>coe·</strong></span> 
     </span>
    </p>

    <p class='ocr_par' dir='ltr' id='par_1_29' title="bbox 138 2121 980 2195">
     <span class='ocr_line' id='line_1_30' title="bbox 138 2121 980 2195; baseline 0.007 -23"><span class='ocrx_word' id='word_1_186' title='bbox 138 2137 140 2141; x_wconf 89' lang='lat'>·</span> <span class='ocrx_word' id='word_1_187' title='bbox 170 2125 211 2190; x_wconf 79' lang='lat' dir='ltr'><strong>git</strong></span> <span class='ocrx_word' id='word_1_188' title='bbox 220 2124 248 2173; x_wconf 91' lang='lat' dir='ltr'><strong>in</strong></span> <span class='ocrx_word' id='word_1_189' title='bbox 259 2135 356 2172; x_wconf 83' lang='lat' dir='ltr'><strong>naves:</strong></span> <span class='ocrx_word' id='word_1_190' title='bbox 376 2121 539 2189; x_wconf 78' lang='lat' dir='ltr'><strong>effectisque</strong></span> <span class='ocrx_word' id='word_1_191' title='bbox 549 2125 648 2188; x_wconf 85' lang='lat' dir='ltr'><strong>raptim</strong></span> <span class='ocrx_word' id='word_1_192' title='bbox 658 2123 826 2185; x_wconf 81' lang='lat' dir='ltr'><strong>Liburnicis,</strong></span> <span class='ocrx_word' id='word_1_193' title='bbox 841 2125 980 2195; x_wconf 82' lang='lat' dir='ltr'><strong>adsequi·</strong></span> 
     </span>
    </p>

    <p class='ocr_par' dir='ltr' id='par_1_30' title="bbox 168 2190 980 2254">
     <span class='ocr_line' id='line_1_31' title="bbox 168 2190 980 2254; baseline 0.009 -12"><span class='ocrx_word' id='word_1_194' title='bbox 168 2199 216 2243; x_wconf 87' lang='lat' dir='ltr'><strong>tur</strong></span> <span class='ocrx_word' id='word_1_195' title='bbox 224 2191 369 2242; x_wconf 81' lang='lat' dir='ltr'><strong>Anicetum</strong></span> <span class='ocrx_word' id='word_1_196' title='bbox 378 2190 407 2239; x_wconf 93' lang='lat' dir='ltr'><strong>in</strong></span> <span class='ocrx_word' id='word_1_197' title='bbox 417 2192 490 2242; x_wconf 85' lang='lat' dir='ltr'><strong>ostio</strong></span> <span class='ocrx_word' id='word_1_198' title='bbox 501 2190 623 2242; x_wconf 82' lang='lat' dir='ltr'><strong>fluminis</strong></span> <span class='ocrx_word' id='word_1_199' title='bbox 634 2191 739 2254; x_wconf 83' lang='lat' dir='ltr'><strong>Cobibi,</strong></span> <span class='ocrx_word' id='word_1_200' title='bbox 757 2196 849 2242; x_wconf 86' lang='lat' dir='ltr'><strong>tutum</strong></span> <span class='ocrx_word' id='word_1_201' title='bbox 859 2197 920 2246; x_wconf 90' lang='lat' dir='ltr'><strong>sub</strong></span> <span class='ocrx_word' id='word_1_202' title='bbox 932 2197 980 2248; x_wconf 89' lang='lat' dir='ltr'><strong>Se·</strong></span> 
     </span>
    </p>
   </div>
   <div class='ocr_carea' id='block_1_3' title="bbox 133 2251 1014 2674">
    <p class='ocr_par' dir='ltr' id='par_1_31' title="bbox 144 2251 1014 2596">
     <span class='ocr_line' id='line_1_32' title="bbox 144 2251 1014 2332; baseline 0.011 -26"><span class='ocrx_word' id='word_1_203' title='bbox 144 2304 146 2306; x_wconf 78' lang='grc'>,</span> <span class='ocrx_word' id='word_1_204' title='bbox 169 2259 355 2312; x_wconf 80' lang='lat' dir='ltr'><strong>doelrczorum</strong></span> <span class='ocrx_word' id='word_1_205' title='bbox 368 2259 452 2325; x_wconf 80' lang='lat' dir='ltr'><strong>Regis</strong></span> <span class='ocrx_word' id='word_1_206' title='bbox 466 2259 583 2323; x_wconf 80' lang='lat' dir='ltr'><strong>auxilio,</strong></span> <span class='ocrx_word' id='word_1_207' title='bbox 614 2257 695 2326; x_wconf 84' lang='lat' dir='ltr'><strong>quem</strong></span> <span class='ocrx_word' id='word_1_208' title='bbox 707 2261 981 2332; x_wconf 83' lang='lat' dir='ltr'><strong>pecuniadonisque</strong></span> <span class='ocrx_word' id='word_1_209' title='bbox 1013 2251 1014 2294; x_wconf 88' lang='lat' dir='ltr'><strong>l</strong></span> 
     </span>
     <span class='ocr_line' id='line_1_33' title="bbox 170 2327 982 2428; baseline 0.006 -50"><span class='ocrx_word' id='word_1_210' title='bbox 170 2328 206 2409; x_wconf 78' lang='lat' dir='ltr'><strong>sd</strong></span> <span class='ocrx_word' id='word_1_211' title='bbox 220 2330 381 2413; x_wconf 75' lang='lat' dir='ltr'><strong>societatem</strong></span> <span class='ocrx_word' id='word_1_212' title='bbox 395 2327 563 2424; x_wconf 73' lang='lat' dir='ltr'><strong>perpulerat.</strong></span> <span class='ocrx_word' id='word_1_213' title='bbox 598 2328 637 2378; x_wconf 91' lang='lat' dir='ltr'><strong>Ac</strong></span> <span class='ocrx_word' id='word_1_214' title='bbox 651 2330 740 2394; x_wconf 86' lang='lat' dir='ltr'><strong>primo</strong></span> <span class='ocrx_word' id='word_1_215' title='bbox 754 2328 813 2428; x_wconf 76' lang='lat' dir='ltr'><strong>Rex</strong></span> <span class='ocrx_word' id='word_1_216' title='bbox 828 2330 923 2414; x_wconf 69' lang='lat' dir='ltr'><strong>minis</strong></span> <span class='ocrx_word' id='word_1_217' title='bbox 938 2347 982 2415; x_wconf 74' lang='lat' dir='ltr'><strong>ar·</strong></span> 
     </span>
     <span class='ocr_line' id='line_1_34' title="bbox 170 2391 983 2530; baseline 0.02 -17"><span class='ocrx_word' id='word_1_218' title='bbox 170 2391 983 2530; x_wconf 53' lang='lat' dir='ltr'><strong>tritt§deliteseatllllltlftiztlitati}</strong></span> 
     </span>
     <span class='ocr_line' id='line_1_35' title="bbox 170 2529 983 2596; baseline 0.01 -16"><span class='ocrx_word' id='word_1_219' title='bbox 170 2530 235 2591; x_wconf 82' lang='lat' dir='ltr'><strong>lide,</strong></span> <span class='ocrx_word' id='word_1_220' title='bbox 247 2533 344 2594; x_wconf 85' lang='lat' dir='ltr'><strong>paetus</strong></span> <span class='ocrx_word' id='word_1_221' title='bbox 353 2529 460 2579; x_wconf 77' lang='lat' dir='ltr'><strong>Aniceti</strong></span> <span class='ocrx_word' id='word_1_222' title='bbox 471 2529 738 2596; x_wconf 69' lang='lat' dir='ltr'><strong>exitium-perfugas</strong></span> <span class='ocrx_word' id='word_1_223' title='bbox 748 2531 875 2596; x_wconf 87' lang='lat' dir='ltr'><strong>tradidit,</strong></span> <span class='ocrx_word' id='word_1_224' title='bbox 886 2535 983 2588; x_wconf 85' lang='lat' dir='ltr'><strong>belle·</strong></span> 
     </span>
    </p>

    <p class='ocr_par' dir='ltr' id='par_1_32' title="bbox 133 2593 974 2674">
     <span class='ocr_line' id='line_1_36' title="bbox 133 2593 974 2674; baseline 0.012 -29"><span class='ocrx_word' id='word_1_225' title='bbox 133 2651 135 2657; x_wconf 26' lang='lat'><strong><em>¹</em></strong></span> <span class='ocrx_word' id='word_1_226' title='bbox 170 2610 225 2663; x_wconf 81' lang='lat' dir='ltr'><strong>que</strong></span> <span class='ocrx_word' id='word_1_227' title='bbox 234 2594 328 2649; x_wconf 65' lang='lat' dir='ltr'><strong>servili</strong></span> <span class='ocrx_word' id='word_1_228' title='bbox 337 2593 403 2645; x_wconf 86' lang='lat' dir='ltr'><strong>linis</strong></span> <span class='ocrx_word' id='word_1_229' title='bbox 412 2595 556 2662; x_wconf 82' lang='lat' dir='ltr'><strong>inpositus.</strong></span> <span class='ocrx_word' id='word_1_230' title='bbox 569 2596 859 2654; x_wconf 82' lang='lat' dir='ltr'><strong>Laetumearictoria</strong></span> <span class='ocrx_word' id='word_1_231' title='bbox 868 2601 974 2674; x_wconf 79' lang='lat' dir='ltr'><strong>Vespa</strong></span> 
     </span>
    </p>
   </div>
   <div class='ocr_carea' id='block_1_4' title="bbox 0 0 1023 3025">
    <p class='ocr_par' dir='ltr' id='par_1_33' title="bbox 0 0 1023 3025">
     <span class='ocr_line' id='line_1_37' title="bbox 0 0 1023 3025; baseline 0 0"><span class='ocrx_word' id='word_1_232' title='bbox 0 0 1023 3025; x_wconf 95' lang='lat' dir='ltr'><strong> </strong></span> 
     </span>
    </p>
   </div>
  </div>
 </body>
</html>
