2034 3025
158 133 209 185 reo
252 132 558 187 ursrouruuvu
576 104 878 202 ravennam]

155 253 202 299 nn,
211 237 354 289 victoriam
363 238 472 300 iuuerit,
483 238 589 289 ratione
599 246 626 289 et
642 237 762 298 coneilio,
772 239 900 305 propriis
906 238 975 291 Du·

156 305 320 369 eitartiiue,
336 306 525 378 profuturum.
545 318 547 323 ·
563 306 653 372 Neque
668 307 737 358 enim
748 306 884 373 ambigua
904 325 973 371 esee,

156 390 225 439 quae
234 384 395 428 aecurrunt.-
415 382 519 426 noatem
530 384 557 425 et
567 374 678 443 ignotae
682 374 769 439 ritum
781 372 870 439 urbia,
890 376 973 429 intur
1010 387 1011 435 ζ

155 442 243 495 leostee
258 453 286 496 et
299 452 398 496 cuncte
413 443 520 495 ineidiie
530 452 691 511 opportuna.
727 460 788 507 nan,
807 444 832 495 ti
845 454 973 511 pateant

150 522 257 579 portae,
267 512 322 565 reiei
329 514 477 580 euplorato,
492 512 547 563 nisi
556 512 606 574 die,
616 512 782 565 intrandum.
818 513 867 566 An
885 530 971 581 appu·

111 622 116 627 .
151 580 503 648 gnatianeminckaaturae,
522 580 971 648 adernptaomniprospeatuiquie

153 664 257 716 aequus
264 652 346 713 laeua,
360 659 465 718 quanta
478 650 598 701 altitudo
614 649 764 703 ruoeniumi
783 652 970 705 tormentiene

152 726 181 769 et
190 718 259 782 telie,
268 736 304 770 an
314 719 440 787 operibus
448 727 476 769 et
484 718 582 782 eineis,
602 718 781 787 adgredienda
791 720 860 771 urle
865 720 970 788 soret?

152 789 222 839 Mox
235 804 384 839 coruversua
399 789 434 838 ad
448 788 585 855 singulos,
603 804 668 839 num
681 802 800 851 recures,
821 788 968 843 dolabrae·
1010 806 1011 819 ³

151 871 213 921 pne,
218 865 245 907 et
254 865 346 909 cetera
355 857 543 925 expugnandis
553 855 671 917 urbibus,
681 871 768 907 eeeum
777 858 968 911 adtulissent?

151 927 299 992 rogitabat.
335 926 380 988 Et,
398 942 460 978 cunr
471 928 633 988 abnuerent,
649 924 794 995 gladium,
814 927 921 994 inquit,
940 938 967 981 et

147 994 214 1063 pilis
220 993 398 1065 perfringere
412 1012 445 1047 ue
458 994 586 1047 subruere
600 1010 689 1046 murae
703 996 775 1045 ullae
789 1010 891 1049 manue
901 1014 967 1065 poe·

151 1065 231 1115 tunt?
267 1064 299 1115 Si
307 1081 436 1133 aggerem
451 1072 570 1127 struere,
588 1064 612 1115 ti
618 1062 722 1146 pluteis
731 1063 892 1118 cratibusve
898 1083 964 1133 pra-

152 1132 212 1201 tegi
222 1150 325 1186 nee-erre
331 1134 434 1205 suerit,
453 1143 486 1184 ut
499 1136 599 1203 vulgus
612 1132 791 1201 inprovidum,
810 1132 898 1185 inriti
907 1145 965 1187 rta-

151 1200 245 1262 timue‚
256 1202 428 1254 altitudinem
442 1202 573 1265 turrium,
589 1210 617 1253 et
630 1202 720 1254 aliena
734 1200 904 1255 munimenta
915 1204 963 1256 mi·
1011 1246 1012 1259 n

45 1280 50 1287 ·
94 1308 98 1314 .
150 1270 260 1322 rantes?
297 1268 470 1337 Quinpotiut
483 1284 559 1322 mora
575 1271 660 1323 nocue
674 1270 961 1334 uniue‚udrectittar·

150 1340 246 1391 mentis
256 1337 451 1405 machinisque,
462 1340 526 1393 ‚rim
536 1339 730 1406 uictoriamque
743 1338 961 1412 nobiseumferi-

151 1410 227 1460 struet
261 1408 353 1461 Simul
372 1409 444 1461 lixas
464 1406 646 1478 calonesque',
674 1424 734 1461 eum
755 1411 968 1477 recentissimis⁸

87 1493 91 1501 ¹
151 1481 285 1546 equitum,
304 1478 471 1532 Bedriacum
486 1481 586 1544 mittit,
605 1479 708 1548 copias,
728 1481 879 1548 ceteraque
896 1480 959 1531 usui

150 1549 303 1601 adlaturos.

203 1618 277 1670 XXI.
312 1618 344 1671 ld
354 1633 420 1681 reto
430 1634 513 1687 aegre
523 1618 662 1671 tolerante
672 1617 769 1680 milite,
787 1630 878 1683 prope
888 1618 960 1670 sedi·

149 1688 256 1738 tionem
266 1692 389 1751 rentum,
408 1702 470 1740 curn
482 1689 622 1756 progressi
633 1688 740 1754 equites
750 1686 801 1736 sub
813 1689 875 1753 ipsa
884 1701 960 1738 moe·

150 1757 206 1820 nia,
215 1771 301 1824 vagos
311 1773 347 1808 ex
355 1759 587 1823 Cre-anensibus
602 1757 768 1821 conripiunt,
787 1771 908 1822 quorum
919 1757 960 1807 in-

108 1861 117 1868 .
151 1824 223 1876 dicio
234 1827 372 1878 noscitur:
389 1842 436 1878 een
451 1825 611 1878 Vitellianae
621 1823 739 1892 legiones
749 1839 904 1890 onrnemque
915 1842 960 1878 ex·

150 1893 274 1956 ercitum,
285 1894 331 1960 qui
340 1893 479 1947 Hostiliae
488 1903 592 1963 egerat,
607 1910 636 1945 ea
646 1893 703 1959 ipso
715 1893 757 1944 die
767 1891 891 1960 triginta
900 1894 961 1946 mil·
1012 1901 1013 1932 ³

149 1961 188 2017 lia
196 1976 327 2028 partuum
336 1972 619 2030 emensum,eamperta
629 1977 737 2013 tuorum
748 1961 832 2024 clade,
841 1960 960 2028 inprae-

87 2039 92 2046 ’
150 2028 333 2098 liumaeeingi
341 2031 441 2082 ariam
450 2032 556 2102 adsere.
574 2031 601 2082 ls
610 2034 703 2084 terror
713 2031 870 2097 obstruitas
881 2047 959 2083 uren-

150 2103 193 2151 tea
202 2099 325 2155 consiliis
334 2099 417 2150 Ducis
426 2101 544 2164 aperuit.
580 2097 685 2152 sistere
695 2100 805 2151 tertiam
818 2099 959 2152 decinam

150 2166 302 2236 legionem,
320 2168 349 2218 in
360 2168 419 2233 ipso
429 2168 490 2218 riae
500 2168 659 2220 Postumiae
670 2183 779 2236 aggere,
798 2169 891 2231 iubet,
910 2169 958 2220 oui

149 2237 245 2288 iuncta
255 2237 361 2290 alaeve
370 2238 488 2304 septima
503 2237 654 2300 Galbiana,
673 2238 777 2304 patenti
793 2241 960 2302 composte-

103 2329 109 2336 ·
149 2308 197 2368 tit,
216 2307 280 2358 dein
291 2307 410 2373 septima
425 2306 591 2370 Claudiana,
611 2307 714 2374 agresti
730 2306 865 2367 fossarius
876 2305 958 2358 locus

151 2379 223 2437 erat)
234 2378 423 2441 praemunita3
442 2376 555 2437 dextro,
576 2383 674 2427 actara
684 2390 734 2442 per
744 2380 871 2441 apertum
884 2375 958 2426 limi·

103 2441 108 2449 ’
150 2448 215 2504 tero,
225 2458 290 2493 rnox
301 2444 393 2504 tertie,
403 2443 497 2494 densis
508 2445 629 2494 arbustis
639 2445 799 2509 intersepta.
823 2441 868 2494 hie
879 2445 957 2508 oqui·

150 2511 242 2562 larum
249 2512 445 2578 signorumque
454 2511 536 2562 ordo:
555 2512 658 2564 milites
668 2513 746 2562 mixti
757 2526 805 2576 per
814 2511 957 2573 tenebrae,

150 2583 182 2628 ut
200 2579 259 2628 fors
273 2579 390 2629 tulerat:
411 2579 621 2630 Praetutianum
643 2573 777 2630 vexilluni
793 2581 955 2644 proximum

100 2648 104 2680 1
151 2647 293 2704 tertianisr
313 2645 442 2697 cohortes
462 2649 629 2698 auxiliorum
648 2648 677 2697 in
698 2649 841 2708 cornibuar
860 2647 956 2705 latera
