2034 3025
121 156 200 210 L'lB.
212 156 244 208 ll.
261 154 345 207 cnl‘.
357 152 415 205 100.
426 151 485 206 iol.
498 150 647 221 [avene.
658 152 782 224 A.C.7o.]
822 157 869 210 lll

64 330 224 399 digressus,
244 327 354 396 partem
368 331 491 397 equitum
506 329 542 380 ad
559 330 744 395 occupandam
760 330 871 383 Cremo·

68 410 133 451 narn
143 401 294 466 praemisit.
317 413 382 450 mox
391 398 493 458 vexilla
503 403 629 465 quartae,
640 398 763 452 decimae
774 406 802 452 et
812 415 872 453 sex·

69 470 239 522 taedeclrnae
253 468 408 535 legionam3
428 466 491 518 dein
507 467 604 535 quinta
619 467 873 523 etduoetvicesima

69 544 195 591 secutae:
215 543 355 605 postremo
374 536 483 604 agmine
502 537 717 589 unaetviceslma
730 536 826 604 Rapax
844 543 874 591 et

69 609 160 675 prima
168 606 266 657 Italica
274 607 422 670 incessere,
432 618 494 662 cum
505 604 659 657 vexillariis
669 607 753 659 trium
763 608 875 660 Britan-

69 678 195 727 nicarum
205 675 388 741 legionumet
401 673 496 725 electis
512 673 631 725 auxiliis.
667 674 797 729 Proiecto
808 678 876 731 Cae·

69 746 142 807 cina,
152 744 261 811 scripsit
270 742 488 808 FabiusxValens
497 744 646 807 exercitui,
666 758 747 813 quem
758 748 816 821 ipse
827 744 875 799 du·

70 818 202 876 ctarerat,
220 810 291 864 utin
305 812 403 864 diacre
417 811 590 879 opperiretur
596 828 608 874 ,⁰
626 811 666 865 sic
674 813 797 867 sibicum
809 812 876 867 Cas·
944 870 949 877 ,

70 881 307 935 corcomenon.-
324 882 371 949 qui
383 896 525 948 praesens,
543 896 631 949 eoque
645 883 772 947 validior,
790 883 876 937 iantas-

70 950 349 1011 tatumidcossilium
358 950 448 1013 linxit,
466 958 499 1000 ut
508 949 652 1019 ingruenti
662 951 729 1004 lello
739 961 799 1006 iola
809 954 876 1006 niele

70 1030 268 1073 occurreretur.
303 1021 348 1072 lta
378 1020 531 1069 acacinm
559 1019 684 1085 legiones
709 1019 877 1085 Garamam,

71 1105 136 1157 pars
150 1080 298 1141 Hostiliam
308 1095 403 1155 petere
418 1087 524 1137 iussae:
543 1088 603 1154 ipse
614 1088 771 1142 Ravennam
781 1091 876 1145 derer-

70 1161 115 1221 tit,
125 1154 596 1225 praetextoclaasemadloquendi.
632 1170 698 1211 mox
714 1158 820 1212 Patavii
836 1176 890 1213 se·-

71 1232 180 1280 cretum
191 1225 399 1293 componendae
409 1225 576 1292 proditionis
592 1228 763 1297 quaesitum.
793 1230 877 1291 Nam·

72 1312 126 1366 que
136 1295 260 1347 Lucilius
271 1296 389 1357 Bassus,
400 1300 464 1361 poat
474 1294 678 1361 praefecturam
689 1296 760 1362 alae,
772 1299 877 1351 Raven-

72 1367 131 1417 nati
140 1364 223 1415 simul
233 1380 267 1416 ac
276 1364 427 1415 Misenensi
442 1364 576 1415 classibus
591 1364 729 1417 aVitellio
740 1369 878 1435 praeposi·

32 1443 37 1452 “
72 1441 126 1495 tus,
137 1433 210 1510 quod
221 1447 277 1482 non
287 1433 381 1482 atatim
393 1431 600 1484 Praefecturam
611 1432 749 1485 Praetorii
760 1436 878 1503 adeptus

73 1502 156 1567 forat,
171 1503 294 1568 iniquam
305 1499 475 1554 iracundiam
488 1500 628 1570 flagitiosa
638 1502 755 1570 perlidia
765 1505 878 1560 ulcisce-

73 1575 163 1626 batur.
208 1585 260 1622 nec
277 1570 340 1621 sciri
360 1576 466 1636 potest,
485 1573 640 1623 traxeritne
661 1573 822 1638 Caecinam,
842 1591 878 1630 au

73 1640 160 1710 (qued
170 1641 262 1698 evenit
272 1639 453 1711 inter‘malos‚
464 1645 494 1691 ut
505 1645 533 1692 et
543 1641 648 1694 similes
657 1642 724 1708 siat)
738 1644 836 1698 eadem
845 1645 878 1698 il·

72 1711 116 1765 loa
126 1711 248 1779 pravitas
263 1706 404 1776 inpulerit.

128 1780 169 1833 ol.
205 1776 362 1846 Scriptores
379 1783 554 1844 temporum,
574 1781 619 1848 qui
641 1783 765 1848 potiente
784 1797 878 1836 rerum

72 1849 169 1903 Flavia
189 1850 282 1912 domo,
302 1854 482 1916 monumenta
501 1849 569 1901 belli
589 1849 705 1903 huiusce
720 1865 879 1920 composue-

74 1926 149 1982 runt,
166 1933 261 1971 curam
275 1916 354 1986 paris
364 1925 392 1969 et
405 1933 522 1969 amorem
536 1917 712 1986 Reipublicae
729 1928 879 1990 corruptas

73 1990 102 2040 in
112 1988 300 2040 adulationem
311 2001 428 2049 caumas,
448 1987 596 2040 tradidere.
632 1987 728 2053 Nobis,
746 1994 879 2058 superin-

62 2059 155 2110 sitam
165 2057 316 2119 levitatem,
335 2063 372 2119 et,
383 2056 493 2123 prodito
505 2057 604 2120 Galba,
622 2059 704 2111 rilem
714 2062 880 2127 marlidam,

48 2132 56 2141 ²
74 2125 261 2178 aemulatione
272 2127 356 2177 etiarn
368 2125 536 2193 invidiaque,
547 2142 581 2178 ne
592 2127 626 2179 ab
637 2129 699 2180 aliis
710 2131 781 2197 apud
793 2131 879 2184 Vitel·
972 2173 977 2181 .

74 2197 143 2247 lium
152 2190 487 2261 anteiretur‚perrer'tisae
497 2197 587 2262 ipsum
598 2198 716 2250 videtur.
753 2201 880 2272 Caecina,

73 2265 198 2334 legiones
208 2263 569 2337 adsecutus‚ceaturionum
580 2266 754 2336 militumque
764 2271 879 2336 animos,
939 2319 943 2330 ,

30 2395 33 2398 ,
60 2391 63 2394 ,
74 2331 228 2389 obstinatos
238 2333 419 2401 provitellio‚
429 2335 511 2384 variis
522 2335 628 2387 artibus
638 2337 800 2390 subruebat:
811 2339 878 2402 Bas-

73 2419 104 2457 so
117 2404 213 2456 eadem
224 2402 349 2456 molienti
365 2405 455 2454 minor
470 2403 619 2458 difficultas
634 2411 707 2471 erat,
728 2407 833 2460 lubrica
843 2403 877 2462 ad

74 2473 234 2525 mutandam
251 2472 333 2524 fidem
350 2472 452 2538 classe,
471 2475 507 2527 ab
524 2477 686 2528 memoriam
696 2479 818 2548 recentis
827 2491 879 2546 pro
915 2533 918 2539 ,
961 2505 971 2535 x

74 2541 185 2596 Othone
200 2542 324 2596 militiae.
393 2541 397 2548 “
422 2620 426 2634 ¹
