2034 3025
158 129 214 184 eoa
249 121 504 206 ,raumara
528 130 686 200 [A.v.7aa
706 129 846 198 acea]
930 91 941 128 ²

169 205 968 226 Ἣ

158 233 288 301 carparis,
308 235 476 287 exitiabilem
493 235 749 306 inuocainfensum
765 235 888 302 Reipndl.
905 237 967 288 ani-

159 319 232 355 mum
243 305 356 355 obiecit:
377 304 542 371 recitarique
557 301 894 376 factorumdictoramque
906 305 967 356 eiua

159 372 294 440 descripta
309 387 360 440 per
380 373 434 424 dies
453 375 542 424 iussit.
571 389 625 440 quo
636 389 691 423 non
702 374 781 425 aliud
795 376 916 425 atrocius
927 373 969 426 ‘ri-

143 450 236 493 ‘sumr
254 442 395 492 adstitisse
406 447 449 492 tot
459 455 508 507 per
518 457 615 504 annos,
636 445 684 508 qui
699 443 816 506 vultum,
835 445 967 510 gemitus,

162 511 302 563 oecultum
325 512 409 560 etiam
434 526 560 561 murmur
584 513 756 577 exciperent:
789 519 817 563 et
841 514 967 578 potuisse

161 595 243 631 arum
253 578 357 639 audire,
372 579 473 645 legere,
489 581 517 629 in
528 579 667 645 publicum
679 595 814 645 promere,
826 583 870 632 vix
881 579 968 645 tides,

162 651 214 700 nisi
230 647 307 714 quod
314 648 384 698 Aetli
394 650 571 699 centurionis
589 654 617 700 et
628 650 741 715 Didymi
757 650 850 700 liberti
865 651 968 716 episto·

145 739 149 746 ·
160 718 207 768 lae
216 729 360 767 serrorum
370 718 482 766 uomina
491 717 694 782 praeferebant,
712 723 744 768 ut
755 721 814 786 quis
825 718 969 786 egredien-

110 780 115 790 “
162 793 219 838 tem
230 783 359 835 eubiculo
367 785 489 836 Drusum
497 787 669 852 pulsaverat,
680 793 862 839 exterruerat.
881 789 969 840 etiarn

162 853 306 905 suaverba
316 853 463 915 Centurio,
484 858 616 907 saevitiae
628 857 718 922 plena,
738 862 879 922 tamquam
891 873 970 926 egre·

162 925 251 989 giam,
274 936 411 991 rocesque
436 924 591 976 deliciantis
612 926 765 988 adiecerat,
797 926 856 991 quis
875 927 970 992 primo

163 990 371 1053 (alienationem
382 994 481 1043 mentis
492 995 637 1056 simulans)
648 997 726 1060 quasi
735 994 970 1059 perdenrentiarn,

161 1059 274 1112 funesta
283 1061 405 1123 liberio,
425 1076 498 1124 arax,
518 1063 564 1113 ubi
575 1075 673 1128 exspes
684 1065 756 1114 vitae
768 1062 834 1125 luit,
853 1064 970 1114 medita·

162 1136 219 1191 tas,
234 1132 454 1197 compositasque
469 1132 545 1182 diras
559 1133 767 1198 inprecabatur:
786 1140 826 1194 at,
836 1131 971 1196 paemad-

162 1199 268 1251 modam
277 1214 376 1251 norem
383 1199 528 1268 filiamque
536 1199 643 1280 fratris
654 1208 681 1250 et
690 1209 797 1268 nepotes
812 1199 971 1264 dommnque

102 1263 110 1280 ⁸
163 1283 265 1319 mrem
279 1268 402 1320 caedibus
414 1270 603 1336 corripientium,
617 1267 659 1320 ita
666 1283 768 1334 poenas
778 1267 880 1319 narreini
887 1285 971 1334 gene-

163 1337 241 1404 rique
255 1336 388 1388 traciarum
403 1347 431 1388 et
445 1339 563 1403 parterii
583 1339 739 1389 exsolveret.
776 1336 971 1388 obturbabant

165 1406 275 1476 quidem
293 1404 406 1469 Patres,
426 1408 519 1472 speeie
540 1406 710 1459 detestandi:
735 1406 783 1476 sed
804 1407 972 1471 penetrabat

164 1491 252 1545 paror
262 1480 290 1528 et
301 1477 457 1538 admiratio,
472 1475 603 1529 callidum
615 1475 739 1536 olimset
749 1473 875 1545 tegendis
885 1473 972 1526 scele-

164 1548 242 1598 ribus
257 1545 413 1608 obscurum,
433 1544 488 1597 hue
504 1547 687 1599 confidentiae
705 1548 823 1608 venisse,
842 1550 883 1607 ut,
901 1549 972 1594 tam·

166 1630 249 1683 quam
269 1614 387 1668 demotis
407 1616 570 1681 parietibus,
591 1615 752 1667 ostenderet
771 1620 898 1681 nepotem
919 1610 972 1665 sub

165 1686 281 1737 verbere
292 1685 477 1744 centurionis,
497 1688 573 1737 inter
587 1698 730 1735 servorum
746 1685 825 1745 ictus,
846 1687 974 1733 extrema

166 1755 239 1804 ritae
249 1752 381 1801 alimenta
392 1750 497 1801 frustra
506 1751 642 1805 orantem.
676 1782 678 1787 ·

211 1819 300 1871 XXV.
318 1819 444 1871 Nondum
455 1820 479 1869 is
489 1818 571 1870 dolor
582 1820 748 1882 exoleverat,
759 1834 820 1870 enm
832 1819 867 1869 de
877 1820 974 1887 Agrip·

166 1889 233 1956 pfina
242 1888 376 1948 auditum,
387 1887 640 1954 quam,interfecto
651 1887 760 1949 Seiano,
775 1903 823 1953 spe
834 1893 975 1940 sustenta·

167 1967 234 2020 tam,
248 1958 401 2022 provixisse
415 1970 493 2018 reor,
514 1962 555 2020 et,
574 1963 720 2024 postquam
731 1956 801 2007 nihil
811 1956 845 2008 de
855 1959 975 2017 saevitia

166 2026 372 2086 remittebatur,
392 2024 726 2077 voluntateexstinetam:
747 2028 843 2088 nisi-si,
863 2028 974 2093 negatis

121 2103 123 2108 ’
167 2094 314 2156 alimentis,
330 2093 512 2145 adsimulatus
523 2096 646 2154 estlinis,
662 2096 709 2161 qui
719 2096 862 2147 rideretur
872 2100 974 2160 sponte

167 2169 301 2229 sumptus.
329 2164 476 2215 Enunrero
487 2165 616 2215 'liberius
628 2164 792 2215 foedissimis
804 2164 975 2216 criminatio·

167 2233 249 2285 nibus
260 2233 372 2295 exarsit,
390 2232 581 2300 inpudicitiam
590 2248 717 2301 arguens,
733 2242 760 2285 et
770 2232 893 2285 Atiniam
907 2233 974 2285 Gal·

167 2304 223 2355 lum
236 2303 403 2364 aduiteram,
423 2301 531 2369 eiusque
546 2312 630 2355 mom
645 2312 680 2356 aa
692 2303 811 2355 taedium
821 2303 893 2355 attae
903 2316 972 2351 eam·

165 2374 281 2441 pulsam.
318 2371 374 2425 Sed
383 2373 542 2439 Agrippina,
558 2374 639 2440 aequi
650 2373 795 2439 inpatiens,
811 2369 971 2423 donrinandi

167 2442 262 2504 arida,
282 2441 407 2492 virilibus
419 2443 492 2493 cuns
504 2442 669 2494 seminarum
680 2442 747 2492 vitia
756 2446 881 2505 exuerat.
916 2438 972 2490 Eo·

165 2512 225 2581 dem
234 2510 277 2562 die
292 2511 461 2582 defunctam,
481 2528 532 2578 aea
547 2511 730 2575 bienniomate
741 2510 855 2563 Seianae
868 2524 971 2574 poenae
1000 2505 1004 2519 “

165 2580 267 2642 luisset,
287 2579 481 2646 trecenoriaeqae
498 2581 529 2632 id
543 2582 716 2647 prodendum,
738 2579 844 2630 addidit
855 2580 970 2629 Caesar:

164 2650 341 2719 iactavitque,
351 2651 421 2720 quad
429 2667 482 2705 aaa
490 2652 589 2721 laquea
599 2650 785 2719 strangulata,
795 2663 877 2715 ireque
887 2645 971 2717 inge·
