2034 3025
47 220 357 288 nuectarir'spatrs'uui,
376 221 645 290 emicuerintque„
653 224 853 277 amm

47 293 265 344 obcoecamur.
302 292 374 342 Tum
384 289 459 343 inme
467 289 642 344 Menatem
650 292 806 372 praetendi,
823 301 853 346 et
938 321 944 331 ·

48 361 146 412 labare
157 357 291 410 defensio.
329 357 387 410 Cur
401 359 470 412 euim
479 359 703 412 nomismatum
712 362 852 424 delectur,

49 427 672 496 quisaeuienti,inpudiecc,roccmprselercti
695 428 852 481 Peniculus

49 512 144 550 rernm
153 496 288 547 atrocium
297 497 442 559 ministros,
457 497 503 548 nli
509 498 602 564 pretia
610 499 741 550 scelerum
750 497 852 565 adepti,

49 568 153 618 scelera
167 564 226 630 ipso
240 564 303 616 aliis
314 565 443 633 detegent.
477 567 567 633 igitur
575 567 704 633 adempta
714 569 852 620 bonorum

49 640 130 704 parto
143 636 218 696 (nam
231 632 330 684 illicet
343 636 419 699 nepti
435 649 500 701 pars
518 635 730 698 concedebatur,
750 637 853 688 exime·

49 706 207 769 banturqne
217 704 316 764 etiam,
335 717 408 769 quse
417 708 585 755 testamento
595 707 700 769 matris,
713 706 852 757 asturiae

51 773 229 838 acceperant)
245 772 273 822 in
284 770 389 822 insulas
400 771 532 824 Baleares
542 772 667 840 pellitur:
684 790 740 826 non
749 775 779 826 in
789 776 852 841 ipso

51 842 219 902 discrimine,
237 854 293 891 non
313 846 378 908 post
393 840 599 894 damnationem
619 843 726 895 fructus
744 845 851 895 eninm:

50 909 257 975 ferebaturque,
272 911 383 974 copiosa
393 915 421 962 et
428 910 509 964 molli
519 913 577 962 vita
584 917 721 964 secretum
732 912 802 964 illud
809 919 853 964 to·

51 979 191 1031 leravisse.
218 977 319 1029 Filium
330 980 398 1043 eius,
408 978 579 1043 Neruliunm,
589 981 728 1047 adgressis
737 981 852 1034 adeum·
899 979 903 986 ’

51 1049 167 1109 toribus,
178 1061 229 1112 per
237 1046 367 1097 invidiam
377 1050 461 1114 patris
468 1053 497 1100 et
504 1049 849 1115 criminarepetundnrum,

46 1117 211 1169 intercessit
221 1115 360 1181 Princeps,
375 1121 505 1184 tanquam
517 1118 586 1168 sutis
596 1118 707 1184 expleta
717 1117 831 1170 ultione.
874 1173 878 1180 ,

102 1183 204 1236 XLlV.
215 1183 268 1234 Per
276 1184 350 1236 idem
361 1190 478 1252 tempus,
487 1187 618 1238 Octavius
629 1185 748 1254 Sagitta,
759 1187 850 1253 plebei

50 1256 201 1315 Tribunus,
220 1251 347 1320 Pontiae,
367 1255 490 1306 mulieris
505 1261 618 1321 nuptae,
637 1270 850 1318 aurorerecors‚

49 1323 210 1391 ingentibus
221 1322 301 1390 donis
315 1321 498 1388 adulterium,
519 1331 548 1377 et
566 1338 645 1388 mor,
662 1329 695 1375 ut
708 1326 851 1376 omitteret

50 1393 192 1452 maritum,
202 1397 367 1454 emercetur,
376 1393 850 1459 suummatrimouinmpromittens,

49 1477 83 1513 sc
99 1461 213 1529 nuptias
228 1463 285 1513 eius
299 1467 405 1529 pactus.
441 1460 504 1525 Sed,
518 1463 567 1514 ubi
581 1460 682 1513 nrulier
691 1476 779 1516 vacuo
788 1461 851 1525 fuit,

48 1537 164 1583 nectere
174 1544 280 1594 mores,
297 1531 435 1583 aduersam
441 1532 710 1597 patrisroluntatem
719 1531 851 1593 caussari,

49 1606 218 1668 repertaque
234 1615 284 1665 spe
300 1600 409 1650 ditioris
424 1601 564 1667 coniugis,
583 1600 720 1666 promisse
737 1614 849 1651 exuere.

50 1670 183 1721 Octavius
197 1674 295 1719 contra
308 1668 391 1720 modo
406 1672 548 1735 conqueri,
561 1668 789 1731 modo‘minitori,
801 1666 851 1739 sa·

50 1754 122 1790 ruam
131 1736 275 1807 perditam,
280 1737 424 1804 pecuniam
434 1738 594 1793 exhaustam
603 1739 756 1792 obtestans:
774 1736 851 1789 deni·

49 1822 103 1874 que
114 1802 244 1869 salutem,
264 1821 335 1872 quae
352 1807 414 1858 sola
432 1808 541 1876 reliquo
559 1814 641 1871 esset,
658 1807 774 1859 arbitrio
789 1809 850 1859 eius

48 1876 223 1942 permittens.
238 1874 285 1936 Ac,
295 1881 440 1942 postquem
450 1879 645 1943 spernebatur,
654 1885 758 1929 noctem
767 1892 849 1928 unam

48 1942 222 1997 adnotatione
232 1946 328 2010 poscit,
342 1959 397 2010 pua
408 1945 543 2010 delinitus,
561 1946 666 1999 modum
675 1944 850 2011 inposterum

47 2012 199 2065 adtineret.
235 2012 374 2064 Statuitur
393 2025 456 2065 nox.
491 2016 529 2067 Et
544 2016 643 2067 Pontia
656 2016 783 2066 consciae
802 2030 849 2067 un·

47 2082 132 2133 oillae
143 2080 295 2133 custodiam
311 2082 428 2135 cubiculi
443 2084 566 2136 mandet.
601 2083 662 2145 lile,
678 2098 732 2134 uno
742 2099 806 2135 cunr
816 2083 849 2134 li·

46 2152 141 2214 berto,
156 2150 262 2203 ferrum
271 2156 347 2203 veste
359 2151 495 2203 occultum
506 2153 600 2205 infert.
634 2153 717 2214 Tum,
726 2158 759 2204 ut
769 2152 850 2204 adso·

47 2220 90 2271 let
99 2221 128 2269 in
140 2234 233 2271 umore
244 2225 272 2277 et
282 2222 333 2281 irs,
348 2221 445 2287 iurgia,
454 2235 562 2286 preces,
572 2222 759 2289 exprobratio,
769 2223 849 2272 satis·

48 2289 149 2341 factio:
169 2293 199 2339 et
207 2303 271 2355 pars
281 2289 458 2339 tenebrarum
469 2289 584 2343 libidine
594 2293 724 2356 seposita.
742 2291 850 2357 Exque

46 2363 128 2411 cestu
140 2352 277 2421 incensus,
288 2356 356 2408 nihil
367 2362 536 2412 metuentem
546 2360 623 2411 ferro
633 2360 848 2422 transverberat,
917 2412 925 2419 ,

46 2432 76 2479 et
86 2432 280 2478 accurrentem
290 2426 419 2478 ancillam
431 2427 546 2480 uulnere
563 2429 701 2481 absterret
710 2427 850 2481 eubiculo·

47 2510 101 2563 quc
111 2498 274 2561 prorumpit.
311 2495 427 2547 Postera
437 2495 482 2547 die
492 2498 641 2550 manifesta
652 2498 763 2549 caedes:
774 2494 848 2547 haud

47 2565 193 2630 arnbiguus
209 2578 363 2631 percussor.
390 2567 490 2633 quippe
500 2568 664 2617 mansitasse
674 2581 731 2615 uno
741 2567 845 2615 conrin-
899 2595 903 2602 x

47 2634 171 2753 oesstuf·
207 2632 263 2755 Sicci
278 2632 393 2686 libertus
408 2650 486 2687 tuum
499 2634 571 2687 illud
580 2632 704 2752 faffm
716 2634 849 2706 profiteri,

111 2714 209 2755 nclTvS
242 2738 255 2753 ιΧ
752 2713 756 2716 “
