2034 3025
164 107 201 162 so
220 96 227 111 “
263 62 520 163 'snulnrvm
539 102 581 173 [A.
591 106 626 161 v.
637 124 694 176 771.
709 104 743 159 A.
756 107 785 159 c.
798 108 848 175 rs]

164 183 973 281 emmim?

165 296 229 405 ἔξω
239 279 401 335 habebatur.
425 297 459 336 eo
469 283 586 349 pronior
597 283 728 335 Tiberius
737 298 783 335 res
792 289 886 351 gestas
895 286 973 351 apud

204 356 300 403 natum
310 352 474 405 celebravit:
493 357 523 405 et
539 352 686 405 decrevere
701 351 798 405 Patres
817 352 975 422 triumpha·

164 419 344 559 ξὲἑὲεέξίιὲαε
362 421 437 490 quod
447 421 579 487 camillo,
597 420 632 475 oh
643 420 809 476 modestiam
820 424 903 486 vitae,
921 424 975 477 im·

218 593 292 654 LIII.
310 590 435 663 Sequens
448 608 540 648 annus
554 596 698 650 Tiberium
713 596 807 661 terno,
827 594 974 649 GermanI·

166 679 230 717 urm
240 666 342 716 iterum
354 664 488 717 Consules
497 664 610 718 habuitae
621 665 671 719 sed
682 681 745 719 eum
755 664 890 718 honorem
901 660 975 719 G'er·

166 734 293 799 monicus
311 734 374 784 iniit
393 733 467 801 apud
486 736 585 788 urbem
600 734 720 789 Achaiae
729 734 895 803 Nicopolim,
916 750 975 805 quo

165 806 283 855 venerat
300 817 352 869 per
366 801 510 870 Illyricam
530 819 618 871 oram,
638 807 697 857 riso
713 804 803 859 fratre
817 806 927 868 Druso,
943 803 974 858 io

84 914 87 918 .
165 870 309 925 Dalmatia
318 878 426 940 agente,
446 871 604 927 Hadriatici
619 890 652 927 ao
665 890 731 927 mox
740 875 812 927 lonii
826 875 913 926 maris
927 874 976 927 ad·

165 955 276 994 versam
296 942 501 1011 navigationem
522 958 676 1013 perpessus.
693 946 781 1013 igitur
796 958 898 1013 paucos
913 943 977 997 (lies

165 1012 486 1080 Insumpsitreliciendae
497 1013 591 1078 classi:
610 1012 693 1066 simul
708 1016 795 1078 sinus,
813 1013 976 1065 Actiaoari·

165 1080 258 1133 ctorIa
267 1081 402 1147 Inclytos,
422 1087 451 1134 ct
460 1091 584 1135 sacratas
595 1084 629 1149 ab
638 1084 764 1151 Augusto
775 1082 920 1135 manubias
932 1098 977 1137 ea·

166 1156 280 1220 atraque
289 1150 410 1214 Antonii,
429 1167 495 1205 cnm
503 1152 698 1205 recordatione
708 1154 845 1207 maiorum
855 1165 976 1204 suorum

166 1220 244 1273 adiit.
263 1236 381 1290 namque
392 1222 426 1284 ei,
437 1227 470 1273 ut
479 1221 639 1285 memoravi,
658 1222 812 1274 avunculus
821 1223 975 1289 Augustus,

163 1291 381 1343 avushntonius
398 1295 491 1354 erant,
512 1306 668 1359 magnaque
679 1292 840 1359 illicimago
850 1292 976 1343 tristium

165 1360 367 1429 laetorumque.
403 1359 478 1412 Hinc
489 1366 601 1412 rentum
611 1358 742 1423 Athenas,
758 1360 922 1429 foederique
933 1374 977 1415 so·

168 1432 227 1483 riae
238 1438 266 1484 et
274 1435 402 1483 vetustae
412 1430 488 1481 urbis
499 1429 604 1493 datum,
618 1434 650 1481 ut
661 1444 716 1481 nno
727 1430 825 1483 lictore
834 1436 974 1483 uteretur.

166 1502 311 1569 Excepere
332 1500 432 1560 Gracci
457 1500 666 1568 quaesitissimis
688 1497 854 1564 honoribus,
877 1505 976 1553 vetera

166 1586 281 1623 suornm
293 1570 366 1623 facte
377 1571 506 1638 dictaque
516 1569 723 1638 praeferentes,
741 1585 796 1640 quo
806 1570 867 1638 plus
877 1570 976 1640 ‹ligna-

166 1643 252 1695 uenis
263 1640 387 1698 adulatio
397 1637 523 1692 haberet.

219 1741 293 1796 LIV.
311 1743 403 1795 Petita
417 1742 483 1794 inde
493 1742 620 1808 Euboea,
640 1744 763 1797 tramisit
773 1743 908 1798 Lesbumr
926 1744 975 1795 nbi

66 1796 68 1801 ’
167 1813 318 1882 Agrippina
327 1813 475 1864 novissimo
486 1818 569 1879 partu
579 1813 677 1876 Iuliam
689 1815 785 1867 edidit.
812 1819 975 1866 tumextre·

167 1898 214 1936 ma
224 1885 314 1947 Asiae,
324 1879 542 1950 Perinthumque
552 1897 585 1936 ac
594 1884 774 1951 Byzantium,
783 1883 919 1936 Thracias
929 1897 975 1934 ur·

167 1956 226 2016 bes,
233 1964 302 2004 mox
307 1949 484 2018 Propontidis
493 1955 638 2020 angustias
648 1953 867 2005 ctosl'ontieum
876 1953 975 2016 intrat,

168 2022 299 2090 cupidine
311 2025 420 2073 veteres
436 2021 514 2073 locos
528 2028 558 2073 ct
573 2022 648 2076 fama
663 2023 818 2078 celebratos
828 2022 975 2086 noscendi3

66 2107 69 2114 ·
168 2093 327 2160 pariterque
338 2093 502 2158 provincias,
523 2092 640 2145 lnternis
651 2093 849 2146 certaminibus
859 2095 909 2144 ant
919 2106 976 2144 ma-

31 2173 35 2180 “
126 2192 130 2197 ·
168 2160 563 2232 gistratuumlniuriislcssas,
582 2162 734 2215 refovebat.
761 2161 975 2230 utqueillumln

168 2246 299 2300 regressu
309 2246 389 2283 sacre
398 2229 609 2283 Samothracum
625 2233 716 2285 risere
731 2233 889 2294 nitentem,
900 2230 975 2281 obrli

167 2301 312 2370 aquilones
323 2300 461 2368 depulere.
497 2300 588 2368 Igitur
603 2299 638 2354 ab
651 2301 714 2365 llio,
735 2315 806 2371 quae
825 2315 861 2352 ue
875 2300 914 2352 ibi
929 2313 976 2350 va·

167 2373 269 2424 rietate
281 2370 410 2424 fortunae
421 2376 450 2423 et
458 2371 668 2438 nonniongine
681 2385 766 2425 vener
823 2376 854 2434 a,
872 2368 977 2436 relegit

116 2465 120 2477 ν
168 2441 275 2502 ustam,
293 2440 463 2507 adpellitque
484 2436 662 2506 Colophone,
684 2445 716 2492 nt
734 2438 819 2493 Clarii
839 2437 978 2507 Apollinis

168 2509 283 2561 oraculo
303 2515 438 2562 uteretur.
473 2508 537 2560 Non
556 2505 662 2560 femina
679 2510 750 2572 illle,
769 2514 801 2561 ut
820 2508 895 2576 apud
910 2507 978 2561 Del·

167 2577 247 2644 phor‚
267 2578 315 2630 sed
331 2581 414 2629 certis
424 2577 578 2639 efanriliis,
597 2577 729 2632 etserme
743 2579 847 2633 Mileto
859 2579 977 2638 taccitus⁴

167 2647 298 2702 sacerdos
316 2662 463 2701 numerum
482 2644 568 2698 mode
587 2647 806 2702 consultantium
821 2649 977 2703 etnomiua
