2034 3025
83 118 87 127 s
173 102 227 159 aas
287 90 858 175 'nunsnrvm[sumendae]
934 105 983 121 ·‘

172 179 977 335 mmm

146 330 150 336 ,
172 278 250 331 domi
259 284 394 341 secretus,
404 280 528 330 animum
538 280 685 334 adversum
695 295 827 349 suprema
836 280 919 333 firma
936 291 977 349 at,
1015 294 1016 297 ’

173 421 224 468 aut
233 416 382 484 stipendiis
393 422 524 469 recentes
534 418 689 486 delegerat.
717 418 788 472 Nam
799 425 880 471 vetus
895 422 978 474 miles

172 488 340 548 timebatur,
351 491 493 553 tamquam
503 487 600 540 farore
611 489 735 545 inbutus.
754 488 840 551 Obiit,
851 490 977 557 abruptis

172 552 350 607 brachiorum
363 556 458 611 renis.
493 558 710 609 'destamentum
730 556 823 608 foedis
843 557 976 611 adversus

172 621 544 676 Neronem‘udulationibus
564 628 653 677 amori
673 627 769 677 uxoris
784 626 876 689 dedit,
894 640 976 693 quam

173 692 358 759 degenerem,
376 696 406 742 et
424 692 621 759 coincorporis
637 695 730 745 forma
743 694 978 756 commendatam,

171 761 255 812 amici
264 760 444 810 matrimonio
455 758 620 811 abstulerat.
639 762 748 813 Nomen
759 763 885 815 mulieris
895 763 980 815 Arria

113 833 117 844 ’
153 825 158 885 J
172 828 267 891 Galla3
286 828 374 895 priori
384 828 497 889 marito,
514 827 656 879 Domitius
668 828 753 879 Silus:
772 823 979 897 bicp'atientia,

121 933 130 965 .,
169 896 222 949 illa
231 895 403 962 inpudicitia,
421 894 533 947 Pisonis
543 894 687 947 infamiam
697 910 898 963 propagatore.

223 964 283 1016 LX.
302 962 463 1017 Proximam
478 963 575 1018 necem
586 962 690 1015 Plautii
700 964 848 1028 Laterani,
870 968 980 1021 Coum.

168 1034 206 1086 lis
218 1032 367 1101 designati,
387 1032 463 1084 Nero
477 1033 616 1100 adiungit,
635 1033 706 1087 adeo
720 1046 850 1100 propere,
867 1040 901 1087 ut
916 1052 979 1089 non

170 1103 319 1169 complecti
328 1102 448 1166 liberos,
467 1118 524 1155 non
538 1102 608 1159 illud
622 1103 707 1155 breve
718 1104 817 1155 mortis
828 1104 977 1157 arbitrium

168 1174 357 1241 permitteret.
393 1172 501 1237 Raptus
516 1172 546 1222 in
559 1172 650 1223 locum
662 1172 810 1225 servilibus
821 1174 922 1241 poenis
932 1190 975 1227 se-

169 1242 292 1309 positum
312 1255 397 1292 manu
417 1239 511 1303 Statii,
531 1241 660 1305 Tribuni,
680 1242 854 1307 trucidatur,
872 1244 976 1310 plenus

170 1311 537 1373 constantissilentii,.nec
556 1311 682 1368 Tribuno
702 1312 837 1364 obiiciens
859 1310 976 1364 eandem

150 1414 153 1418 -
169 1380 382 1433 conscientiam.
408 1377 542 1447 Sequitur
551 1378 650 1431 caedes
659 1380 767 1431 Annaei
778 1378 910 1443 Senecae,
919 1381 977 1432 lae-

169 1451 286 1504 tissima
292 1450 424 1518 Principi,
438 1458 496 1501 non
507 1450 573 1518 quia
584 1449 784 1505 coniurationis
794 1449 977 1501 manifestum

170 1530 357 1591 compererat,
376 1521 429 1573 sed
437 1525 470 1570 ut
480 1519 556 1571 ferro
567 1525 755 1588 grassaretur,
771 1521 882 1588 quando
893 1533 978 1572 vene·

165 1593 237 1643 'num
248 1606 305 1644 non
315 1593 503 1656 processerat.
521 1586 603 1639 Solus
613 1590 714 1656 quippe
723 1587 833 1640 Natalis
844 1594 873 1640 et
883 1587 978 1640 bacte-

168 1675 223 1710 nus
235 1660 387 1726 prompsit:
404 1656 516 1708 mirram
525 1671 552 1706 ee
567 1657 605 1708 ad
618 1659 761 1738 aegrotem
772 1657 913 1721 Senecam,
931 1657 978 1709 ats'

97 380 100 382 Δ
173 347 265 400 donec
275 363 373 399 manus
384 348 505 399 miiitum
520 348 681 413 adveniret,
699 364 769 416 quos
780 348 856 402 Nero
866 353 977 406 tirones
1015 362 1016 395 1

167 1727 268 1780 vireret
277 1732 546 1790 conquerereturque,
565 1739 615 1776 rur
625 1725 752 1780 Pisonem
760 1725 840 1778 adita
849 1719 977 1778 arceret?
1015 1735 1016 1772 1

167 1791 977 1864 recitassem&amicitiamfamiliaricongrescuerercais-
1015 1839 1016 1858 ,

68 1880 76 1890 ·
169 1871 237 1915 sent.
273 1861 311 1913 Et
325 1860 508 1928 respondisse
519 1860 666 1914 Senecam:
685 1877 817 1914 sermones
827 1871 977 1917 metueret

167 1924 263 1984 crebra
277 1928 420 1997 conloquia
439 1930 533 1984 neutri
546 1931 706 1983 conducere:
723 1939 841 1986 ceteram
855 1933 976 1986 salutem
1015 1921 1016 1954 i

166 2014 245 2052 ruam
263 1999 450 2052 incolumitate
463 1999 571 2053 Picenis
589 1996 681 2051 inniti.
716 2000 802 2063 Haec,
814 1999 890 2054 ferre
905 2005 975 2058 Gra-

166 2067 381 2133 niosSiirunus,
390 2070 533 2137 Tribunus
546 2068 709 2120 Praetoriae
720 2067 860 2134 ephortis,
879 2077 918 2134 et,
935 2087 975 2126 an
1015 2075 1016 2098 ¹

95 2133 98 2145 '
166 2138 242 2191 dicta
253 2137 363 2191 Natalis
382 2152 482 2208 suaque
499 2153 543 2190 res
562 2152 628 2190 enta
643 2147 774 2203 κοπετοί,
791 2144 973 2208 percunctari

166 2207 304 2261 Senecam
323 2208 445 2261 iubetur.
480 2207 520 2271 Is,
535 2153 622 2271 aute,
641 2223 677 2260 au
697 2209 830 2276 prudens,
850 2209 887 2262 a'd
907 2225 973 2262 eum

166 2278 243 2330 diem
252 2293 289 2331 ex
294 2279 446 2346 Campania
455 2282 640 2339 remeaverat,
651 2284 839 2346 quartumque
849 2279 923 2346 apud
933 2279 974 2332 la·

166 2347 270 2414 pidem,
281 2347 441 2399 suburbano
452 2360 527 2408 rure,
538 2347 715 2398 substiterat.
751 2348 802 2400 liic
813 2361 863 2413 pro
886 2349 974 2416 ‘nqua

165 2431 287 2484 vespera
296 2416 438 2467 Tribunus
451 2414 530 2464 venit
540 2419 570 2464 et
579 2411 675 2465 villam
684 2415 781 2533 globis
796 2416 855 2465 mili
890 2432 918 2467 m
929 2433 976 2474 se2

166 2485 235 2553 psit.
271 2486 343 2536 Tum
363 2482 428 2549 ipsi,
447 2495 510 2531 cum
531 2480 666 2545 Pompeia
707 2483 813 2534 outline
829 2499 920 2538 uxore
940 2493 973 2538 et

166 2554 264 2606 suricis
275 2552 384 2606 duobus
393 2546 528 2613 epulanti,
538 2547 859 2616 mandatalmperatoris
871 2555 972 2609 edidit.

217 2621 291 2676 LXL
310 2619 433 2679 Seneca,
445 2613 555 2668 mireum
564 2616 637 2670 adse
647 2617 776 2674 Natalem
786 2633 975 2694 conquestum·

819 2741 1016 2990 'i
