2034 3025
11 189 26 198 ⁶
90 83 95 88 ’
153 119 207 175 aas
272 77 865 187 suunarvu[avennicus].

208 225 337 279 XXXIV.
357 226 476 279 ¹Nerone
497 229 614 278 tertium
635 227 768 289 Consule,
788 229 872 279 simul
889 231 964 283 iniit

155 295 339 348 Consulatum
349 296 481 350 Valerius
493 297 637 359 Messalla,
653 299 732 347 euius
738 299 885 362 proavum,
896 315 964 352 ora·

150 370 247 416 torem
259 367 419 429 Corvinum,
430 366 466 416 Ι).
477 368 614 433 Augusto,
626 367 715 416 abavo
725 366 856 430 Neronis,
867 370 963 422 conle-

153 449 219 504 gam
229 437 258 485 in
270 450 304 488 eo
314 436 485 502 Magistratu
500 434 601 497 fuisse,
610 436 701 501 -pauci
717 437 773 485 iam
789 452 887 487 senum
900 453 962 490 me·

153 508 304 557 minorant.
334 505 384 556 sed
394 505 487 560 nobili¹
493 504 618 555 familiae
628 502 720 555 honor
727 511 828 562 auctus
837 512 893 568 est,
910 509 961 558 ob·

152 573 222 625 latis
233 575 263 624 in
272 575 401 641 singulos
414 589 503 626 annos
514 575 665 641 quingenis
680 575 837 636 sestertiis,
856 576 961 642 quibus

154 642 291 695 Messalla
304 647 500 708 paupertatem
520 645 666 695 innoxiam
685 649 870 695 sustentaret.
906 647 964 698 Au-

153 711 225 764 relio
237 727 345 778 quoque
358 713 457 764 Cottae
470 718 499 764 et
509 713 629 764 Haterio
637 713 769 762 Antonino
780 729 903 764 annuam
911 729 963 781 pe·

153 779 381 832 euniam‘statuit
392 781 540 849 Princeps,
559 783 685 849 quamvis
699 795 750 847 per
759 783 856 834 luxum
866 785 962 836 avitas

127 845 133 862 ‘
153 863 221 915 opes
241 849 437 916 dissipassent.
478 853 547 904 Eius
568 853 636 902 anni
653 851 805 918 principio,
824 853 961 906 mollibus

152 916 243 970 adhue
252 919 343 970 initiis
353 921 526 986 prolatatum
540 923 617 972 inter
627 919 748 973 Parthos
759 923 961 990 Romanosque

152 985 189 1040 de
200 989 354 1042 obtinenda
363 991 495 1042 Armenia
505 991 610 1042 bellum
621 991 726 1042 aeriter
736 993 879 1059 aduritur:
891 987 961 1059 quia

151 1071 205 1107 nee
215 1058 372 1126 Vologeses
388 1061 515 1125 sinebat,
534 1059 654 1113 fratrem
664 1060 813 1115 Tiridaten
829 1061 888 1112 dati
898 1077 960 1114 ase

30 1145 34 1152 ·
90 1163 92 1168 »
150 1123 241 1194 Regni
259 1134 405 1194 expertem
420 1146 495 1194 esse,
515 1136 565 1182 aut
581 1132 692 1185 alienae
702 1130 732 1181 id
748 1132 893 1197 potentiae
910 1131 962 1182 do·

150 1211 218 1247 num
238 1195 355 1252 habere:
375 1201 404 1250 'et
422 1201 543 1254 Corbulo
564 1200 680 1269 dignum
695 1198 889 1267 magnitudine
904 1198 961 1252 Po-

150 1266 210 1332 puli
224 1267 344 1318 Romani
359 1270 490 1333 rebatur,
512 1275 594 1337 parta
609 1271 675 1321 olim
686 1269 830 1324 aLucullo
842 1269 960 1335 Pompe-

149 1336 236 1402 ioque
254 1339 392 1404 'recipera
427 1340 470 1390 dd
487 1339 557 1392 haee
575 1341 715 1403 Armenii,
740 1341 873 1408 ambigua
889 1337 960 1403 lide,
995 1348 999 1354 ’

149 1410 271 1474 utraque
282 1423 360 1460 arma
370 1410 538 1473 invitabant,
548 1411 606 1461 sita
613 1415 763 1472 terrarum,
770 1409 959 1477 similitudine

150 1475 263 1528 morum
278 1476 392 1531 Parthis
412 1482 571 1547 propiores,
592 1481 792 1549 connubiisque
813 1479 960 1546 permixti,

151 1560 185 1597 aa
199 1547 334 1601 libertate
349 1550 464 1618 ignota,
483 1552 551 1603 illue
564 1552 656 1619 magis
671 1549 708 1601 ad
717 1550 866 1601 servitium
877 1548 961 1600 incli-

151 1622 263 1671 nantes·
705 1666 708 1673 ·
836 1661 839 1667 ·

205 1686 320 1739 XXXV.
340 1685 395 1739 Sed
406 1688 558 1740 Corbuloni
568 1688 630 1753 plus
640 1686 724 1737 molis
735 1687 871 1737 adversus
881 1688 963 1753 igna-

150 1755 226 1805 viam
235 1756 368 1818 militum,
386 1771 468 1822 quam
479 1761 579 1807 eontra
589 1754 737 1819 perfidiam
747 1754 872 1803 hostium
887 1761 962 1824 erat.

152 1824 264 1891 Quippe
278 1824 363 1891 Syria
376 1830 553 1888 transmotae
568 1823 711 1887 legiones,
736 1836 803 1887 paee
818 1821 904 1888 longa
917 1839 963 1877 sa.

152 1908 234 1960 gnes,
244 1895 339 1949 munia
349 1894 539 1944 Romanorum
551 1892 709 1956 aegerrime
718 1891 891 1943 tolerabant.
911 1892 961 1946 Sa-

152 1963 192 2013 tis
204 1956 345 2023 constitit,
356 1960 445 2013 tuisse
456 1963 526 2011 ineo
534 1961 830 2024 exercitavsteranos,
841 1964 890 2028 qui
902 1978 960 2015 nou

153 2033 318 2093 stationem,
330 2044 386 2081 non
397 2030 510 2095 vigilias
519 2029 654 2079 inissent:
672 2030 781 2081 vallum-
787 2030 960 2100 fossamque,

111 2102 113 2107 ⁴
153 2102 235 2167 quasi
246 2115 320 2151 nova
331 2099 451 2160 etmira,
469 2100 608 2160 viserent3
627 2099 689 2151 siue
700 2100 801 2169 galeis,
820 2102 882 2153 sine
892 2101 959 2153 lori-

152 2171 204 2231 eis,
215 2169 299 2219 nitidi
312 2174 341 2219 et
351 2168 530 2235 quaestuosi,
549 2168 653 2220 militia
661 2184 712 2236 per
723 2172 827 2238 oppida
837 2172 958 2237 expleta.

22 2278 26 2286 .
53 2286 58 2295 ,
152 2239 245 2307 Igitur
255 2238 390 2300 dimissis,
402 2238 502 2306 quibus
514 2244 629 2291 senecta
640 2246 689 2292 aut
698 2242 831 2293 valetudo
842 2242 960 2294 adversa

154 2314 227 2373 erat,
238 2309 461 2377 supplementum
473 2310 582 2377 petivit.
611 2309 747 2363 Et‘habiti
758 2328 809 2379 per
817 2310 959 2362 Galatiam

153 2379 397 2447 aeCappadoeiam
408 2378 543 2431 delectus.
578 2379 750 2451 ddieetaque
762 2396 797 2433 ex
808 2381 961 2432 Germania

150 2448 241 2519 legio,
257 2465 319 2502 oum
331 2450 472 2518 equitibus
483 2450 595 2513 alariis,
611 2456 640 2501 ot
648 2452 778 2518 peditatu
788 2449 958 2501 cohortiumr

153 2518 340 2591 retentusque
350 2522 443 2573 omnis
459 2522 601 2573 exereitus
617 2522 816 2589 subpallidus,
835 2520 960 2587 quamvis

109 2604 113 2613 ·
155 2588 248 2645 hieme
260 2607 344 2656 saeva
354 2590 435 2654 adeo,
445 2598 477 2643 ut
488 2591 610 2644 obducta
619 2591 721 2660 glaeie,
732 2592 788 2641 nisi
800 2588 904 2641 effossa
912 2586 961 2641 hu·

154 2675 228 2729 mus,
243 2663 382 2717 tentoriis
388 2660 481 2728 locuni
490 2678 548 2716 non
559 2663 719 2733 praeberet.
754 2658 959 2715 Ambusti-mul-

941 2756 960 2785 d
