2034 3025
99 121 204 193 ‘too
273 100 864 205 auxanium[s.n.775.s.c.2‘0.]*
933 200 936 205 ,

154 248 229 297 visus
249 251 292 296 eat
302 244 423 296 diluisse.
442 243 518 310 quod
532 259 566 296 ne
584 248 759 296 accusatores
770 245 878 311 quidem
890 248 960 297 satis

70 369 73 373 ,
96 372 101 377 ,
153 315 310 377 firmabant,
320 312 350 365 in
360 312 480 379 conoioio
488 312 654 375 Germanici,
665 328 726 364 cum
736 328 816 379 super
826 313 959 366 euncPr'sc

70 391 73 395 '
154 382 339 444 discumberet,
359 381 475 453 infectos
490 380 614 433 monibus
629 381 686 431 dut
700 380 781 445 cibos,
800 387 959 449 arguentes.

156 456 257 522 quippe
268 451 419 502 absurdum
429 450 585 513 videbatur,
599 451 673 501 inter
682 449 775 501 aliena
784 452 908 513 servitia,
930 457 960 503 et

155 522 380 574 totadstantium
392 520 465 581 risu,
485 521 545 586 ipso
560 518 727 571 Germanico
742 534 850 582 coram,
869 520 897 570 id
913 534 961 571 au·

155 606 226 643 sum.
245 589 435 657 offerebatque
445 589 578 639 familiam
589 603 663 651 reus,
674 593 703 639 et
713 590 853 639 ministros
864 591 892 639 in
902 595 962 640 tor·

155 665 251 712 menta
260 657 413 725 flagitabat.
449 657 504 710 Sed
519 657 624 710 iudices
634 672 684 723 per
695 656 805 709 diuersa
814 657 965 723 inplacabi-

52 746 58 753 ⁸
155 729 302 786 leserantr
321 728 431 790 Caesar,
442 728 477 777 ob
486 726 590 778 bellurn
600 728 758 793 provinciae
769 726 900 789 inlatum3
915 726 965 779 Se·

61 824 65 829 ·
156 803 248 861 natus,
267 810 406 864 nunquam
416 798 484 847 satis
495 795 612 859 credito,
634 796 693 847 sine
709 794 808 847 fraude
820 795 966 847 Germani·

160 882 224 920 cum
243 867 390 917 interiisse.
425 864 617 932 *scripsissent
637 864 858 931 expostulantes:
888 864 965 932 quod

158 934 235 988 haud
244 936 334 985 minus
344 934 472 987 Tiberius
483 948 564 1002 quam
576 934 640 985 Piso
651 934 782 985 abnuere.
818 932 907 985 Simul
918 949 968 1002 po·

159 1005 218 1073 puli
229 1009 294 1055 ante
305 1005 408 1055 curiam
419 1019 501 1055 rocos
514 1002 712 1055 audiebantur:
733 1000 795 1071 nore
801 1000 967 1071 teutperota·

138 1126 141 1129 ,
159 1087 205 1126 tot
220 1072 351 1137 munibus,
369 1072 524 1124 siPatrum
537 1072 831 1125 sententicseouss'sset.
849 1072 967 1139 effigies·

160 1158 215 1211 que
225 1142 332 1194 Pisonis
345 1146 491 1193 traxerant
503 1143 532 1194 in
549 1142 710 1205 Gemonias,
731 1156 764 1193 ae
780 1141 965 1203 decollabant,

159 1214 189 1263 ni
199 1214 277 1263 iussu
287 1210 421 1278 Principis
432 1216 574 1278 protectae
586 1212 780 1278 repositaeque
791 1208 892 1263 forent.
911 1211 965 1277 lgi-

160 1287 208 1332 tur
217 1280 323 1331 inditus
333 1280 457 1343 lecticae,
472 1284 501 1332 et
510 1295 528 1331 a
538 1282 663 1331 Tribuno
673 1282 831 1347 praetoriae
841 1277 965 1331 cohortis

160 1349 297 1401 deductus
307 1355 360 1400 est:
375 1352 453 1401 vario
463 1363 585 1411 rumore,
597 1355 690 1401 custos
701 1348 808 1412 salutis,
819 1364 855 1400 an
865 1349 966 1399 mortis

51 1463 57 1472 ,
159 1425 274 1473 Gladim*
284 1424 456 1487 Seqsseletlll'·

211 1481 275 1542 xit·
289 1488 394 1541 Eadem
405 1486 555 1540 Plancinae
564 1486 676 1550 invidia,
691 1488 781 1548 maior
795 1487 899 1555 gratia:
919 1500 966 1538 eo-

160 1575 213 1626 que
228 1557 388 1627 ambiguum
402 1556 567 1620 habebatur,
586 1563 718 1623 quantum
731 1558 843 1608 caesari
857 1558 887 1607 in
903 1569 967 1607 eam

157 1629 267 1681 liceret.
285 1635 368 1697 atque
378 1630 447 1694 ipsa,
457 1627 547 1680 donec
555 1625 664 1678 mediae
675 1626 766 1677 Pisoni
777 1629 848 1691 spes,
863 1623 967 1676 aarum

159 1713 188 1750 se
200 1695 390 1761 cuiuscumque
400 1696 545 1766 fortunae,
565 1702 600 1757 et,
619 1696 645 1746 si
663 1694 705 1746 ita
720 1694 823 1766 ferret,
842 1693 968 1745 comitem

84 1795 88 1798 ·
153 1761 241 1820 'exitia'
260 1763 454 1832 promittebat..
485 1763 525 1816 vt
544 1765 658 1816 seeretis
677 1767 819 1831 Augustae
838 1762 967 1829 precibus

158 1835 268 1900 venians
280 1834 407 1896 obtinuit,
427 1831 574 1898 paullatim
586 1835 727 1900 segregari
739 1848 756 1883 a
766 1834 876 1895 niarito,
896 1831 967 1880 diri·

159 1903 227 1957 dere
247 1901 437 1954 defensionem
456 1903 556 1969 eoepit.
575 1903 648 1969 quod
667 1916 732 1953 reus
750 1908 897 1969 postquam
912 1897 967 1949 sibi

160 1971 302 2026 exitiabile
316 1971 458 2038 intelligit,
477 1987 513 2021 an
527 1970 617 2022 adhuc
634 1972 809 2037 experiretur
825 1969 968 2031 dubitans,

159 2039 337 2092 hortantibus
353 2039 430 2103 tiliis,
451 2039 535 2091 durat
550 2046 680 2102 mentem,
701 2038 890 2106 Senatumque
905 2052 967 2088 rur·

159 2124 221 2161 sum
232 2110 401 2176 ingreditur:
413 2108 689 2177 redintegratamque
700 2111 914 2168 accusationem,
925 2107 967 2156 in·

160 2177 254 2232 tensas
264 2179 968 2244 Petrumvoces,adversaeisaeracunctaperpes·

160 2263 216 2310 sus,
226 2249 304 2322 nullo
313 2250 402 2315 magis
413 2250 563 2300 exterritus
574 2252 625 2309 est,
644 2248 811 2315 quamquod
821 2247 966 2299 Tiberium

67 2332 72 2345 ·
159 2319 221 2368 aine
238 2318 428 2379 miseratione,
447 2319 511 2371 sine=
527 2317 577 2380 ira,
598 2318 765 2367 obstinatum
787 2317 967 2381 clausumque

159 2386 238 2450 vidit,
248 2402 283 2438 ne
294 2401 347 2454 quo
358 2385 470 2438 adfectu
480 2391 714 2453 perrumperetur.
727 2386 831 2438 relatus
842 2385 965 2447 domum,

160 2459 301 2523 tamquam
310 2455 499 2507 defensionem
508 2457 537 2504 in
547 2459 690 2521 posterum
697 2455 888 2517 meditaretur,
899 2467 966 2520 pau·

55 2555 59 2559 *
83 2559 95 2570 -
161 2539 196 2576 ca
214 2526 364 2580 conscribit
384 2525 575 2591 obsignatque,
595 2529 623 2575 et
641 2523 743 2575 liberto
759 2525 855 2575 tradit.
891 2523 966 2573 Tum

161 2591 247 2646 solita
255 2592 378 2645 curando
388 2593 499 2659 corpori
510 2593 680 2659 exsequitur.
691 2592 763 2654 dein,
774 2593 888 2644 multam
901 2594 966 2658 post

161 2668 281 2726 noctem,
296 2677 407 2730 egressa
418 2659 546 2717 cubiculo
553 2674 653 2726 uxore,
668 2659 771 2729 operiri
779 2663 858 2736 foret
873 2660 966 2713 iussit:
