2034 3025
151 88 204 162 14'4
267 104 956 205 ΔΝΜ·

150 208 224 279 apud
239 213 269 262 et
285 210 459 272 Ravennam,
480 211 691 280 proximumque
708 213 819 266 Galliae
834 212 900 266 litu,
914 229 959 267 m.

149 284 256 332 stratae
266 292 350 329 naves
361 278 566 344 praesidebant,
587 292 655 347 quas
666 283 777 335 Actiaca
786 284 905 335 victoria
914 298 959 334 ca·

149 355 214 467 qqtas
224 349 365 414 Augustus
376 350 406 399 in
416 347 545 414 oppidum
556 348 748 405 Foroiuliense
763 354 891 415 miserat,
911 368 958 405 ra·

163 416 209 469 ndo
228 431 290 467 curn·
307 416 420 483 remige.
457 415 514 468 Sed
532 422 712 485 praecipuum
727 422 814 472 robur
829 419 958 473 Rhenum

149 488 237 547 iuxta,
258 500 404 537 commune
420 484 449 535 ia
460 484 615 538 Germanos
626 487 777 557 Gallosque
792 490 957 553 subsidium,

150 559 214 606 octo
225 554 252 606 le
273 555 449 606 'euaserant
485 554 650 625 Hispaniae,
665 572 763 611 recens
773 558 958 625 perdomitae,

149 624 240 675 tribus
275 622 438 673 abebantur.
474 622 591 675 Mauros
601 626 669 677 iuba
678 626 737 679 Rex
747 634 894 693 acceperat
908 626 960 679 do-
990 643 991 648 ¹

149 707 217 743 num
227 690 325 757 Populi
335 692 477 743 Romanis
498 694 598 745 Cetera
608 694 717 749 Africae
751 710 781 748 er
792 696 861 748 duas
871 696 958 764 legio-

149 774 216 823 nes3
234 761 349 827 parique
369 775 485 813 numero
503 762 657 831 Aegyptus.
692 710 801 817 Dehinc
819 767 900 816 initio
922 766 957 817 ab

151 828 235 897 Syria
245 844 332 896 usque
347 828 496 882 adflumen
506 831 682 899 Euphraten,
701 839 835 901 quantum
850 836 957 903 ingenti

150 908 290 959 terrarum
301 900 363 950 sinn
374 900 503 963 ambitur,
523 907 643 968 quatuor
652 901 810 971 legionibus
820 905 956 956 coercita:

151 968 254 1019 accolis
263 967 345 1020 lhero
355 968 518 1037 Albanoque
529 976 559 1022 et
568 971 631 1023 aliis
640 970 775 1039 Regibus,
794 974 841 1040 qui
852 976 958 1041 magni·

150 1036 249 1088 tudine
262 1043 359 1088 nostra
372 1044 559 1105 proteguntur
574 1039 721 1093 adversum
737 1048 854 1093 externa
872 1042 957 1107 impc-

149 1109 202 1157 ria.
238 1106 275 1159 Et
294 1105 443 1157 Thraciam
458 1107 671 1161 Rhoemetalces
690 1124 724 1161 ac
743 1109 825 1163 libori
843 1110 956 1178 Cotyis3
995 1132 998 1135 >

149 1178 295 1243 ripamque
305 1175 426 1227 Danubii
435 1176 578 1243 legionum
587 1178 698 1229 duae-in
709 1178 867 1240 Pannonia,
882 1179 956 1229 duae

149 1245 179 1295 tn
191 1244 299 1296 Moesia
309 1244 479 1296 attinebantz
490 1246 609 1297 totidem
620 1246 692 1312 apud
702 1245 873 1299 Dalmatiam
884 1248 958 1298 loca·

149 1316 197 1376 tis,
213 1328 293 1380 quae,
310 1314 402 1379 positu
412 1315 535 1380 regionis
545 1328 562 1364 a
573 1319 652 1383 tergo
663 1315 728 1379 illis,
749 1330 790 1380 ac,
803 1319 827 1368 si
838 1318 969 1383 repenti·.

151 1397 217 1433 nurn
230 1382 366 1433 auxilium
376 1382 460 1433 ltalia
472 1388 615 1447 posceret,
636 1384 708 1436 haud
723 1385 820 1451 procul
833 1386 957 1438 acciren-

149 1458 210 1503 tur:
229 1466 393 1520 quamquam
405 1452 541 1504 insideret
550 1454 648 1505 urbem
657 1456 786 1522 proprius
796 1454 886 1518 miles,
896 1459 971 1507 tres·

151 1523 284 1584 urbanae,
302 1535 400 1572 novem
412 1523 573 1588 praetoriae
584 1523 722 1587 cohortes,
741 1525 855 1577 Etruria
865 1524 957 1578 ferme

150 1590 321 1658 Vmbriaque
341 1589 475 1654 delectae,
496 1597 546 1643 aut
566 1599 659 1646 vetere
675 1593 768 1657 Latio,
789 1601 817 1647 et
838 1594 957 1646 coloniis

151 1662 304 1728 antiquitus
317 1661 458 1710 Romanis.
492 1662 530 1711 At
545 1662 617 1728 apud
632 1661 733 1714 idonea
749 1664 954 1730 provinciarum

97 1754 101 1760 ·
151 1731 244 1780 sociae
256 1730 385 1780 triremes
396 1727 514 1795 alaeque
525 1735 553 1781 et
564 1730 669 1796 auxilia
679 1729 847 1782 cohortium:
865 1746 958 1798 neque

152 1797 240 1850 multo
261 1805 342 1848 secus·
362 1800 391 1847 in
411 1799 446 1848 iis
464 1800 580 1862 ririnm;
599 1799 648 1849 sed
667 1801 796 1865 persequi
817 1799 956 1851 incertum

80 1911 85 1920 ,
151 1864 253 1927 merit,
267 1880 337 1928 cum,
349 1880 384 1917 ex
394 1881 445 1916 usn
456 1865 603 1934 temporis,
617 1865 671 1916 huc
680 1866 746 1918 illuc
755 1873 891 1928 mearent,
906 1867 958 1936 gli»

151 1935 799 2001 acerentnumero,etaliquandominuerentur.

203 2004 252 2058 Vl.
262 2005 423 2071 Congruens
433 2002 605 2068 crediderim,
616 2016 761 2057 recensere
771 2009 878 2059 ceteras
889 2021 956 2074 quo·

153 2085 206 2141 que
215 2073 341 2138 Reipubl.
351 2077 458 2138 partes,
468 2073 567 2139 quibus
577 2074 666 2125 modis
676 2074 711 2126 sd
722 2089 784 2126 eam
795 2074 868 2129 diem
880 2073 957 2128 habi-

151 2151 198 2194 tae
213 2144 282 2193 sint:
303 2138 531 2209 qnandoTiberio
550 2145 650 2204 mutati
666 2145 694 2195 in
711 2144 835 2196 deterius
850 2145 956 2197 Princi-

151 2217 233 2279 patus
242 2212 352 2262 initium
362 2210 409 2263 ille
420 2225 508 2261 annus
518 2211 620 2263 attulit.
655 2213 712 2264 lam
723 2216 852 2279 primuni,
867 2213 956 2280 publi-

151 2293 184 2330 ca
193 2280 316 2348 negotia,
330 2283 360 2332 et
367 2282 539 2346 privatorum
550 2284 683 2346 maxima,
704 2283 776 2349 epnd
787 2283 886 2335 Patres
896 2289 954 2334 tra-

108 2403 115 2420 x
151 2349 313 2402 elabanturi
328 2349 503 2418 dabaturque
521 2351 687 2416 primoribus
707 2350 859 2405 dissereret
878 2358 908 2403 et
927 2353 957 2402 in

152 2416 339 2471 adulationem
363 2419 458 2485 lapsos
481 2418 629 2474 cohibebat
651 2422 723 2488 ipse:
752 2421 957 2488 mandabatque

151 2485 273 2540 honores
282 2489 457 2542 nobilitatem
466 2492 613 2554 maiorum,
624 2488 818 2544 claritudinem
828 2488 957 2552 militiae,

150 2556 282 2608 inlustres
303 2557 379 2609 domi
398 2564 476 2612 artes
494 2559 658 2627 spectando:
677 2565 709 2613 ut
724 2562 793 2613 satis
804 2564 956 2620 constaret,

151 2638 207 2677 aon
216 2627 286 2680 alios
295 2629 418 2696 potiores
428 2627 522 2684 tuisse
541 2642 591 2682 sua
608 2627 786 2693 consultius,
806 2635 856 2680 sua
872 2626 956 2679 Prae
