2034 3025
89 141 92 146 ·
163 133 216 188 mo
250 109 932 212 nrsronrsuvu[r.v.a'24.ac.71.]x·

163 243 778 312 tratademumcaelelegionum‚·deposuit.
814 247 854 296 Et
864 247 963 299 fereba·

163 317 221 375 tur,
232 313 350 383 parvulo
358 311 398 363 fili
431 313 567 432 quosdam
576 314 763 380 captivorum,
773 317 888 386 sagittis
898 317 963 368 iacn-

135 427 137 437 ,
162 377 256 448 lisque
266 382 420 448 puerilibus
458 382 576 448 gendos,
597 381 743 435 obtulisse.
780 384 963 446 Ceterumne·

163 463 219 516 que
230 465 270 512 se,
280 465 371 518 neque
383 466 549 518 quemquam
561 451 710 515 Batavum,
729 453 760 502 in
769 454 860 505 verba
869 453 964 505 Gellia·

163 521 225 570 rubr
246 520 354 587 adegit:
372 522 440 571 iisas
456 519 700 572 Germanorunr'o
722 523 728 534 '
769 537 795 572 s:
814 530 856 585 ct,
874 524 899 573 si
913 538 967 574 cer·

161 587 279 640 tandum
290 588 423 641 adversas
432 589 530 656 Gallos
541 590 577 641 de
587 522 876 657 possesslrllllrcmm
885 590 965 653 foret,
1012 602 1014 661 J

161 657 285 724 inclytas
300 657 376 725 fama
391 663 421 710 et
436 659 540 726 potior.
576 658 728 710 Mummius
738 658 898 747 Luppreus,
915 660 964 712 Le-
1012 684 1014 727 g

162 727 386 794 gatuslegionis,
400 729 477 780 inter
487 727 561 779 dona
570 728 673 779 missus
683 727 818 791 Veledae
836 729 879 780 Ea
887 731 963 796 virgo
1012 732 1014 801 l

161 795 286 846 nationis
306 797 461 848 Bructerae
480 797 541 848 late
561 797 758 864 imperitabat:
775 802 876 850 vetere
895 798 961 865 apud
1012 804 1014 853 l

162 863 320 915 Germanos
329 879 417 928 more,
430 864 815 933 quoplcrasqnefeminsrum
825 865 962 928 fetidicas,
1012 866 1013 885 ¹

162 937 206 994 et,
229 940 400 999 augescente
429 936 648 1002 superstitione,
677 935 855 988 arbitrantur
881 935 963 986 Deus.
1012 958 1014 968 2

161 1001 296 1069 Tuncque
306 1002 432 1056 Veledae
447 1005 602 1055 auctoritas
617 1003 749 1056 adolevit.
777 1020 844 1055 nam
860 1021 963 1072 prospe·

111 1123 113 1128 ,
159 1085 207 1125 rut
221 1071 365 1124 Germanis
381 1089 424 1124 rer
436 1081 463 1123 er
473 1071 608 1124 excidium
626 1073 761 1140 legionum
775 1074 963 1140 praedixerat

161 1139 218 1192 Sed
227 1139 370 1208 Lupercus
385 1144 415 1194 in
429 1144 534 1193 itinere
550 1141 727 1205 interfectus.
763 1143 850 1194 Pauci
864 1144 963 1194 Centu-

159 1210 271 1262 tionum
282 1211 536 1278 tribunorumque,
555 1213 585 1261 in
597 1211 690 1262 Gallia
700 1214 801 1279 geniti,
820 1227 965 1263 reservan-

159 1286 216 1342 tur,
237 1281 340 1346 pignus
350 1281 507 1334 societatis.
545 1277 719 1342 cohortium,
741 1282 861 1343 alarum,¹
877 1281 967 1349 legio

158 1365 226 1400 num
243 1349 361 1402 hiberna
375 1351 510 1402 subversa
526 1356 717 1417 crematoque:
737 1351 773 1401 iis
789 1356 911 1412 tantum,
926 1366 968 1402 re·

157 1418 244 1482 lictis,
264 1435 335 1489 qnae
346 1419 520 1488 Magontiaci
532 1436 565 1471 ac
573 1418 761 1470 Vindonissae
772 1420 829 1469 sita
838 1427 917 1470 sunt.

220 1490 307 1543 LXll.
326 1487 418 1558 Legio
429 1489 620 1543 sextadecima
629 1503 691 1540 eum
702 1488 814 1541 auxiliis
825 1489 914 1540 simul
923 1489 972 1541 de·

160 1557 229 1611 ditis
241 1574 257 1610 a
267 1559 389 1611 Novesio
406 1562 435 1609 in
451 1562 589 1613 coloniam
600 1561 972 1626 Trer'crorum‘transgredi

158 1628 281 1693 iubetur,
289 1621 502 1696 praellnltmdie,
512 1632 590 1680 intra
599 1644 682 1696 qnam
692 1630 793 1679 castris
805 1629 974 1681 excederet.

159 1696 285 1749 Medium
297 1712 379 1749 omne
390 1696 501 1767 tempas
516 1699 670 1765 pervarias
680 1712 761 1749 curas
773 1711 869 1763 egere:
890 1699 977 1766 igna-

158 1766 290 1819 rissimus
306 1768 439 1835 quisquc,
459 1782 606 1820 caesorum
620 1767 694 1835 apud
706 1767 811 1819 Vetera
826 1769 979 1835 exemplo,

159 1843 307 1901 paventem
318 1838 419 1889 melior
429 1844 498 1906 pars'
506 1839 610 1889 rubore
620 1843 649 1888 et
659 1836 789 1887 infamia:
808 1837 892 1901 quale
902 1838 981 1889 illem

157 1904 231 1955 iter?
248 1905 307 1975 quir
317 1905 373 1959 dux
382 1906 460 1959 riae?
477 1916 505 1959 et
515 1904 604 1958 omnia
614 1906 643 1959 in
653 1904 885 1974 armaturarum,
905 1923 981 1973 quos

157 1973 362 2042 uitoeuecisque
373 1976 491 2029 dominor
499 1976 640 2049 fecissent.
677 1976 742 2037 lilii,
758 1974 982 2029 nulla'dedeeo-

157 2044 197 2093 ris
219 2058 292 2105 cura,
312 2048 473 2110 pecuniam,
493 2052 543 2097 aut
562 2046 708 2097 carissima
727 2046 905 2110 sibimetipsi
921 2050 983 2099 eir·

157 2112 298 2163 camdare.
345 2116 464 2176 Quidam
486 2115 620 2182 expedire
641 2130 732 2177 arma,
752 2114 877 2180 telisque
901 2122 983 2168 tanr-

157 2195 240 2248 quam
252 2183 384 2243 inaciem
401 2186 519 2252 accingi.
553 2186 633 2236 Haec
645 2182 865 2245 meditantibus,
888 2187 984 2237 adre-

157 2253 201 2301 nit
211 2251 405 2317 proficiscendi
417 2252 494 2315 hora,
506 2255 719 2320 exspectatione
729 2253 849 2303 tristior.
883 2254 986 2322 Quip-

141 2320 145 2324 ’
157 2336 193 2386 pe
208 2324 285 2373 intra
295 2322 397 2372 vallum
413 2324 579 2375 deformitas
590 2322 667 2374 haud
682 2322 800 2389 perinde
811 2324 985 2376 notabilis:

158 2388 268 2439 deterit
281 2392 463 2456 ignominiam
479 2406 593 2455 campus
608 2399 638 2443 ot
651 2392 721 2443 dies.
756 2392 909 2457 Rerulsae
920 2394 986 2445 lnr-

155 2462 319 2519 peratoram
338 2460 487 2523 imagines,
506 2459 647 2522 inhonora
666 2463 761 2529 signa,
785 2458 988 2529 fulgentibus

53 2547 55 2552 ·
156 2522 223 2572 hinc
232 2525 297 2588 inde
309 2524 455 2576 Gallorum
464 2528 588 2578 vexillis:
607 2530 695 2581 silens
710 2543 828 2596 agmen,
846 2538 883 2583 et
894 2534 990 2585 velut

155 2586 259 2654 longae
280 2581 444 2660 exsequiae:
473 2594 531 2644 dux
548 2596 681 2649 Claudius
702 2598 835 2662 Sanctus,
859 2601 990 2655 effosso

158 2658 251 2709 oculor
269 2660 348 2720 dirus
360 2676 418 2725 ore,
435 2663 550 2729 ingenio
564 2663 696 2721 debilior.
733 2668 916 2746 [inplicatur
932 2674 992 2725 tia·
