2034 3025
103 124 269 182 manv.
284 124 500 180 caru-n.
521 105 835 196 [innarenn]
853 126 904 183 aar
1004 186 1008 193 ,

103 234 196 351 setiaml
202 234 323 282 militum
333 233 483 299 manipuli,
503 230 645 284 theatrum
656 232 904 299 Neapolitanorum

102 314 184 367 osrmp
197 308 253 352 ent.

157 369 285 421 XXXIV.
305 368 376 431 lllic,
396 368 523 436 plerique
533 372 567 419 ut
579 369 799 433 arbitrabantur,
810 372 906 435 triste,

102 443 139 490 ut
155 439 233 506 ipse,
260 437 405 505 providum
426 440 521 505 potius
536 442 566 489 et
581 438 905 503 secundisNunrinibus,

103 508 208 559 evenit.
243 521 309 557 nam
324 521 454 573 egresso,
483 508 530 573 qui
545 505 689 569 adfuerat,
717 507 834 575 populo,
861 522 907 560 ra·

102 588 188 627 cuurn
198 580 228 628 et
242 576 304 627 sine
313 576 398 627 ullius
411 590 500 638 noxa,
528 572 670 628 theatrum
681 578 842 645 conlapsum
853 585 906 628 ests

101 644 196 712 Ergo,
224 658 275 711 per
294 646 466 711 compositos
487 649 600 710 cantus,
627 650 723 713 grates
739 646 801 697 Diis
821 652 905 713 atque

100 714 193 780 ipsam
203 714 326 766 recentis
335 729 417 765 casus
426 711 569 765 fortunam
580 714 735 778 celebrans,
755 716 907 782 petiturus·

67 803 71 808 .
102 796 158 850 que
169 784 256 834 maris
264 782 389 834 Hadriae
401 784 552 847 traiectus,
580 784 906 850 apudBenerentunrin·

103 850 190 905 terim
200 851 341 903 consedit:
368 852 418 904 ubi
433 852 632 920 gladiatorium
646 868 745 905 munus
761 852 905 905 aVatiuio

28 974 37 979 ,
104 919 218 973 celebre
237 920 381 974 edebatur.
416 920 547 973 Vatinius
567 923 643 973 inter
662 920 826 973 foedissima
844 924 906 972 eius

103 989 188 1041 aulae
199 994 313 1041 ostenta
322 988 388 1053 fuit,
399 992 531 1042 'sutrinae
541 990 677 1042 tabernae
688 991 825 1053 alumnus,
846 1005 906 1042 eor·

102 1072 174 1126 pore
185 1059 313 1122 detorto,
341 1059 453 1111 facetiis
462 1057 637 1110 scurrilibus:
666 1060 756 1125 prirno
767 1061 796 1109 in
807 1064 905 1111 contu-

101 1127 205 1179 melias
216 1127 392 1195 adsumptus3
411 1128 513 1180 deiude
525 1128 625 1195 optinri
635 1129 768 1195 cuiusque
777 1128 907 1181 crinriua-

102 1197 185 1268 tione
196 1211 230 1248 eo
244 1212 333 1264 usque
347 1198 451 1262 valuit,
477 1194 510 1249 ut
524 1198 637 1266 gratia„
659 1198 793 1264 pecunia,
812 1198 848 1251 ,ri
859 1213 907 1249 no-

101 1265 185 1317 eendi
196 1267 282 1318 etiarn
291 1266 380 1318 malm
390 1268 590 1335 praemineret.
916 1308 922 1313 .

157 1334 270 1387 XXXV.
288 1337 357 1388 Eius
367 1352 467 1388 munus
478 1336 672 1404 frequentanti
683 1334 800 1397 Neroni,
819 1335 906 1386 nain·

99 1404 318 1471 tervoluptates
329 1406 440 1471 quidem
451 1420 469 1456 a
482 1405 636 1457 sceleribus
646 1405 818 1456 cessabatur.
853 1404 904 1462 lis-¹

102 1472 168 1527 uem
179 1474 278 1542 quippe
289 1473 347 1526 illis
359 1473 457 1526 (liebus
466 1476 628 1544 Torquatus
639 1473 751 1526 Silanus
766 1470 838 1525 rnori
849 1470 905 1525 adi·
937 1488 942 1505 ¹
1004 1495 1005 1499 ¹

102 1545 191 1614 gitur,
213 1545 290 1611 quia,
310 1558 396 1610 super
405 1544 500 1596 laniae
509 1542 635 1595 familiae
646 1541 851 1605 claritudinem,
870 1542 922 1597 D..

99 1616 258 1680 Augustum
273 1618 385 1664 atavum
399 1610 518 1664 ferebat.
554 1613 627 1664 iussi
644 1611 824 1664 adeusatores
836 1612 905 1663 obii.

101 1695 177 1744 cere,
188 1680 334 1750 prodigam
342 1681 546 1752 largitionibus,
558 1685 641 1748 nsque
650 1679 812 1748 aliamspem
823 1697 902 1748 qaam

99 1749 131 1802 in
140 1748 215 1804 noeis
229 1749 309 1802 rebor
321 1767 383 1803 esse.
419 1750 484 1819 quin
493 1766 555 1802 eam
571 1749 687 1802 berriines
698 1749 810 1812 babere,
839 1765 904 1819 ques

100 1817 137 1871 ab
150 1818 270 1888 epistolis
291 1828 319 1871 et
328 1819 423 1872 libellis
437 1818 625 1874 electionibus
639 1819 754 1887 adpellit
759 1857 768 1884 ‚
795 1819 903 1874 nomina

102 1903 221 1940 summae
239 1903 322 1940 carae
336 1897 364 1941 et
378 1889 579 1942 meditamenta.
613 1890 687 1941 Turn
702 1890 818 1941 intimus
833 1891 907 1958 quis·

50 2003 55 2010 ,
100 1956 431 2026 quelibertorunrrincti
442 1960 617 2026 abreptique.
653 1958 700 2020 Et,
719 1973 780 2008 cum
791 1959 903 2011 (lamna-

99 2026 145 2078 tio
155 2027 292 2090 instaret,
319 2025 498 2094 brachiqrum
508 2042 594 2080 venas
604 2027 765 2096 Torquatus
776 2030 906 2081 intersci-

101 2093 156 2158 dit,
166 2100 319 2163 secutaque
329 2095 449 2148 Neronis
461 2099 553 2150 oratio
565 2110 600 2148 ex
610 2112 701 2149 morer
718 2099 837 2165 quartanis
848 2115 904 2151 son·

100 2169 156 2215 tens
175 2171 203 2215 et
217 2164 373 2237 'defensioni
388 2165 483 2218 merita
500 2166 633 2234 dipllsum,
660 2165 796 2220 victarum
814 2177 904 2220 tamen

94 2231 196 2307 feisse,
214 2231 416 2287 dalmantiam
426 2234 525 2286 inebria
535 2245 722 2304 exspectasset.

150 2301 279 2376 XXXVI.
298 2303 357 2356 Nec
375 2304 464 2356 inulto
483 2310 562 2370 post,
599 2306 702 2358 omissa
720 2307 749 2356 in
769 2319 903 2374 praesens

99 2369 219 2434 Achaia,
248 2373 376 2434 (caussae
390 2375 420 2424 in
434 2375 544 2424 incerto
564 2373 655 2436 fuere)
674 2376 772 2426 urbem
790 2376 904 2436 revisit;

98 2441 258 2507 prouincias
277 2442 420 2505 Orientis,
446 2443 569 2493 maxime
587 2443 760 2511 Aegyptum,
786 2445 903 2496 secretis
949 2497 953 2504 s,

99 2511 351 2578 imaginationibus
370 2513 490 2578 agitans.
527 2510 638 2564 Dehine
658 2511 750 2565 edicto
769 2511 904 2565 testifica-

97 2582 162 2642 tus,
180 2587 233 2632 sion
242 2583 353 2650 longam
363 2581 406 2632 sai
415 2579 576 2645 absentiam,
595 2589 730 2636 sternata
740 2581 770 2635 in
779 2579 905 2648 Republi-

100 2649 255 2772 ca'ferinie
264 2648 368 2773 ittarta
377 2665 410 2705 ac
421 2665 550 2725 prespem
560 2649 644 2724 fam
672 2667 758 2777 srpper
769 2665 803 2705 ea
811 2647 906 2720 prole·

163 2732 262 2774 rurus
723 2734 742 2774 a
