2034 3025
208 145 265 198 oa
284 143 510 198 nonnanis
531 127 615 199 cnrss
629 145 756 201 at-sn.
833 145 895 203 ann

86 321 268 372 abstulerunt.
296 319 625 387 necinpnnec.biarins
636 321 776 386 initalia,
795 322 886 377 D.lu·

84 389 134 440 iius
144 391 174 439 in
186 390 288 452 Gallia,
299 388 409 444 Drusus
420 403 452 440 ac
462 388 540 442 Nero
551 396 582 442 et
591 389 776 443 Germanicus
785 392 815 441 in
825 393 887 445 suia
919 396 923 400 ’

85 473 130 512 eos
141 459 254 510 sedibus
265 460 453 524 perculerunt.
488 459 558 512 Mox
568 460 700 527 ingentes
712 459 741 512 0.
753 460 885 515 Caesaris

84 529 171 578 minae
181 529 210 576 in
220 526 371 578 ludibrium
380 541 489 580 versae.
516 527 882 591 ludentiumdoneoocca·

83 597 158 647 sione
169 595 326 646 discordiae
336 599 460 648 nostrae*
471 601 501 650 et
519 597 642 650 civilium
662 606 818 662 armorum,
837 613 885 650 ex·

83 665 210 733 pugnatis
221 663 364 732 legionum
380 662 520 729 bibernis,
540 667 625 736 etiam
636 667 742 719 Gallias
760 666 884 720 adfecta·

83 747 157 783 vere:
177 747 210 783 ac
219 747 316 784 rursus
326 733 399 802 pulsi
409 733 485 798 inde,
501 736 639 802 proximis
649 736 824 806 temporibus
834 738 884 788 tri·

84 799 204 868 nnrphati
211 803 305 870 magis
317 817 399 870 quam
409 804 476 854 victi
487 809 563 857 sunt.

29 875 31 878 ’
56 933 57 936 ¹
132 871 284 923 XXXViii.
300 871 383 924 Nunc
400 871 438 925 de
457 871 554 926 Suesia
573 872 721 929 dicendum
742 879 801 938 est,
817 887 884 944 qno·

84 951 148 990 rum‘
161 955 226 992 non,
238 957 303 1005 nna,
323 947 355 993 ut
366 943 513 994 cattorum
528 944 779 1009 Tencterorumve,
799 959 884 1013 gens:

80 1010 214 1062 maiorem
227 1013 301 1061 enim
312 1011 481 1062 Germaniae
490 1016 601 1078 partem
612 1013 752 1075 obtinent,
762 1013 885 1081 propriis
980 1011 986 1020 '

80 1077 169 1128 adhuc
179 1079 340 1129 nationibus
351 1081 567 1146 nominibusque
577 1079 702 1142 discreti,
716 1095 884 1148 quamquam

79 1149 109 1197 in
128 1161 274 1198 commune
291 1145 373 1198 Sereni
391 1152 536 1200 vocentur.
570 1147 685 1216 Insigne
726 1151 800 1200 entis
814 1149 885 1202 obli·

80 1229 165 1282 qnare
185 1217 291 1267 crinein
310 1216 439 1283 nodoque
459 1217 665 1284 substringere.
705 1163 754 1269 {ic
767 1217 851 1270 sueri
866 1231 885 1270 a

80 1287 181 1337 ceteris
192 1285 351 1348 Germanis,
363 1287 404 1336 sic
414 1285 569 1337 Suevornm
580 1285 696 1353 ingenui
707 1301 725 1337 a
734 1277 833 1349 servits
842 1301 885 1339 se·

80 1359 221 1420 parantur.
257 1356 288 1407 ln
304 1354 367 1405 aliis
379 1355 527 1422 gentibus,
547 1369 598 1406 seu
608 1356 778 1422 cognatione
789 1356 885 1423 aliqua

80 1421 248 1485 Succorum,
268 1437 318 1474 seu
331 1423 419 1490 (quod
429 1437 515 1490 saepe
525 1423 637 1485 accidit)
648 1424 822 1486 imitatione,
840 1438 884 1474 ra·

79 1505 150 1554 rum,
162 1495 192 1542 ot
201 1493 276 1543 intra
287 1492 418 1543 iuventae
429 1492 565 1560 spatium3
577 1492 657 1560 'apud
667 1490 785 1555 Suevos,
794 1504 884 1561 usque

79 1560 115 1612 ad
126 1562 267 1624 canitiem,
286 1558 450 1613 horrentem
469 1560 600 1628 capillum
619 1567 699 1613 retro
718 1568 884 1629 sequnntur,

78 1644 111 1680 nc
132 1644 216 1696 saepe
232 1632 260 1680 in
277 1629 338 1681 scio
352 1632 458 1682 vertice
478 1630 610 1697 religant.
647 1631 791 1697 Principes
802 1637 831 1701 ct
841 1646 885 1682 or·

79 1697 345 1750 natioremhabcnt.
368 1698 803 1762 eacuraformae,scdinnoxia.
830 1698 892 1754 Ne

79 1784 133 1836 que
145 1768 218 1818 enim
229 1773 261 1819 ut
271 1772 367 1819 ament
377 1774 554 1831 anrenturre3
568 1769 597 1818 in
609 1766 787 1820 altitudinem
799 1783 885 1836 quau·
971 1833 973 1839 Ι

77 1838 143 1888 dam
154 1845 184 1889 et
194 1844 343 1899 terrorem,
363 1836 467 1890 adituri
477 1836 562 1901 bella,
582 1838 699 1903 compti,
717 1836 884 1890 uthostiom

78 1906 176 1969 oculis,
192 1912 338 1958 ornantur.

123 2000 125 2003 ·
138 1975 265 2029 XXXIX.
291 1973 489 2029 Vetustissimos
507 1991 536 2027 se
548 1972 776 2041 nobilissimosque
787 1973 883 2026 Steno-

75 2048 140 2097 rrim
151 2044 306 2097 Semnones
317 2051 484 2097 memorant.
521 2044 606 2096 Fides
623 2045 804 2112 antiquitatis
819 2045 883 2097 reli-

75 2115 163 2183 gione
173 2114 311 2166 firmatur.
348 2114 430 2166 Stato
440 2121 569 2181 tempore
583 2115 612 2163 in
627 2113 738 2177 silvam,
756 2115 883 2182 auguriis

74 2190 189 2252 patrum
201 2189 230 2236 et
239 2184 331 2250 prisco
341 2183 491 2235 formidine
507 2198 630 2245 sacram,
650 2197 748 2235 onrncs
758 2182 883 2234 eiusdem

74 2254 226 2321 sanguinis
237 2252 331 2320 popuii
342 2252 534 2319 legationibus
550 2257 666 2314 coeunt,
685 2264 825 2319 caesoque
834 2264 883 2316 pu·

54 2368 58 2376 .
72 2322 150 2374 biice
163 2320 275 2375 homine
286 2320 431 2372 celebrant
439 2322 553 2372 barbari
565 2321 637 2372 ritus
648 2318 790 2371 horrenda
799 2321 883 2385 prim·

74 2392 168 2443 ordia.
205 2392 259 2451 Est
270 2394 299 2441 et
309 2390 364 2441 alia
377 2390 441 2441 luco
458 2391 626 2441 reverentia.
658 2388 748 2440 Nemo
759 2388 815 2438 nisi
825 2387 885 2437 rin·

72 2459 141 2511 culo
151 2462 256 2529 ligatus
266 2458 436 2527 ingreditur,
446 2464 479 2510 nt
490 2460 592 2521 minor,
604 2461 634 2509 et
643 2462 815 2524 potestatem
826 2455 884 2507 Nn·

70 2530 161 2582 minis
172 2544 239 2597 prae
251 2544 282 2580 se
293 2528 397 2580 ferens.
426 2529 450 2594 si
461 2526 538 2580 forte
547 2527 695 2595 prolapsus
706 2531 766 2588 est,
784 2524 884 2576 adtolli

71 2604 105 2651 et
116 2600 265 2667 insurgere
281 2596 355 2649 haud
368 2598 486 2648 licitum.
512 2612 565 2665 per
573 2593 688 2645 humum
700 2594 882 2646 evolvuntur:

70 2681 167 2735 eoque
178 2666 269 2721 omnis
279 2666 588 2737 superstitionespicit,
603 2670 744 2785 talqnqnam
753 2661 820 2716 inde
831 2664 880 2714 ini·
