2034 3025
141 101 496 218 &annuerunt
515 128 560 195 [A.
568 125 603 180 v:
613 104 671 197 {87-
688 126 722 180 n.
733 126 763 181 e.
773 126 828 196 sa]

143 229 242 282 eodem
253 243 326 281 anno
338 235 367 282 et
377 229 416 284 Μ.
427 229 558 296 Lepidus,
575 231 610 282 de
619 231 699 282 cuius
709 232 902 284 moderatione
913 238 956 285 ut-

143 315 197 368 que
207 301 343 367 sapientia
354 301 382 350 in
393 301 533 366 prioribus
548 300 626 352 libris
642 301 710 352 satis
726 301 879 354 conlocari.
908 319 957 356 ne·

144 384 198 437 que
211 369 342 421 nobilitas
361 370 466 421 diutius
483 370 701 422 demonstranda
715 377 770 424 est:
792 373 894 441 quippe
904 374 957 426 Ae·

107 477 111 482 .
143 439 251 490 milium
262 453 348 506 genus
360 438 509 490 seeundum
520 441 656 492 bonorum
668 441 781 504 civium,
802 447 831 495 et
846 443 893 511 qui
911 458 959 495 ea·

23 500 36 506 “
141 508 334 572 demfanilia,
343 512 483 577 corruptis
493 510 626 576 moribus,
641 511 857 566 inlustri-tamen
867 510 957 566 fortu-

96 618 99 627 .
142 593 206 631 me
227 593 284 630 01⁸0.
429 607 433 632 t

204 593 332 718 {livill
353 646 452 700 Paullo
463 647 562 713 Fabio,
570 647 603 700 L.
613 649 731 703 Vitellio
742 665 813 704 coss.
824 650 962 719 postlon·

143 731 208 785 gum
220 717 396 768 saeculorum
408 719 551 783 ambitum,
560 721 620 772 avis
630 719 752 787 phoenix
762 721 960 790 innegyptum

144 790 228 849 venit,
256 787 440 857 praebuitque
459 790 606 841 materiem
626 791 795 843 doctissimis
813 792 960 860 indigena·

144 871 206 911 rum
219 861 249 908 et
259 853 441 922 Graecorum,
462 859 553 911 multa
568 875 651 927 super
667 875 701 912 eo
717 861 852 914 miraculo
870 863 958 916 disse·

143 924 233 979 rendi.
252 926 400 993 dequibus
416 929 583 998 congruunt,
604 935 633 982 et
648 931 886 1000 plumambigua,
906 933 958 986 sed

144 997 258 1064 cognitu
269 1010 324 1047 non
336 997 465 1062 absurda,
476 1015 605 1066 promere
612 1000 694 1054 libet.
728 1000 844 1054 Sacrum
856 1000 915 1054 Soli
927 1003 959 1056 id

143 1066 263 1129 animal,
278 1071 307 1118 et
317 1081 365 1118 ore
376 1069 555 1121 audistinetu
562 1072 708 1136 pinnarum
720 1086 737 1123 a
747 1074 848 1124 ceteris
859 1073 972 1124 aribus-

144 1136 293 1202 divemnnr,
314 1141 503 1204 cortsentiunt,
523 1143 570 1208 qui
590 1140 710 1193 formam
731 1143 791 1194 eius
811 1143 974 1195 definieras.

142 1205 188 1260 De
199 1221 476 1274 ,numero-annorum
485 1211 570 1261 ,varia
584 1211 743 1268 traduntur.
762 1215 882 1265 maxime
897 1212 959 1264 rul-

143 1281 240 1346 gatum
251 1279 466 1345 quingentorum
473 1283 607 1349 spatium.
630 1277 713 1349 'suut,⁴
726 1285 770 1350 qui
782 1283 959 1347 adseverent,
971 1327 975 1333 .

142 1347 224 1400 millo
233 1349 452 1418 quadringentos
467 1349 614 1418 sexaginta
627 1367 714 1421 unum
729 1355 864 1415 interlici3
883 1355 960 1419 prio·

142 1428 243 1486 resque
264 1419 346 1472 alites
362 1419 521 1474 Sesostride
540 1418 674 1490 primum,
693 1422 898 1491 postdmaside
910 1420 961 1474 do·

145 1489 324 1554 minantibus,
335 1490 399 1543 dein
407 1490 579 1556 Ptolemaeo,
590 1494 639 1561 qui
650 1509 683 1545 ex
690 1493 890 1562 Macedonibus
901 1496 961 1545 ter·

144 1560 200 1610 tius
211 1565 345 1629 regnarit,
361 1562 390 1612 in
402 1562 552 1626 civitatem,
569 1566 612 1613 oui
623 1561 778 1630 Heliopolis
789 1580 899 1628 nomeu,
910 1562 960 1615 ad-

144 1630 292 1695 volavisse,
312 1631 401 1685 multo
415 1637 572 1684 ceterarum
582 1632 729 1691 voluerum
743 1634 889 1696 comitatu,
908 1648 960 1685 no·

143 1714 207 1753 vam
218 1694 317 1753 faeiem
329 1699 500 1765 mirantium.
538 1700 593 1752 Sed
613 1702 764 1769 antiquitas
782 1701 894 1768 quidem
911 1704 960 1767 ob·

145 1782 241 1821 seura:
252 1772 327 1822 inter
337 1771 532 1823 Ptolemaeum
542 1784 575 1820 ac
584 1768 728 1820 Tiberium
740 1772 831 1819 minus
843 1771 960 1823 ducenti

162 1841 345 1908 uinquagi'nta
365 1842 430 1893 anui
451 1840 574 1892 luerunt
613 1839 687 1890 unde
707 1838 833 1890 nonnulli
853 1838 959 1894 falsum

143 1854 219 1962 guno
234 1909 413 1977 phoenicem,
423 1924 523 1977 neque
534 1908 654 1960 Arabum
670 1924 686 1960 e
700 1911 785 1960 terris
801 1910 959 1976 credidere,

143 1979 270 2047 nihilque
282 1982 462 2045 usurpavisse
476 1972 512 2030 erl
525 1978 577 2041 his,
591 1992 663 2045 quae
675 1984 755 2030 vetus
764 1981 901 2033 memoria
910 1982 958 2033 lir-

143 2050 240 2102 marit.
269 2047 397 2100 coniecto
412 2050 518 2116 quippe·
529 2063 666 2114 annorum
676 2062 802 2124 numero,
821 2050 868 2104 ubi
879 2064 958 2103 mors

142 2118 319 2187 propinquet,
339 2122 396 2169 suis
411 2120 540 2170 interris
556 2123 672 2171 struere>
682 2119 787 2182 nidnm',
808 2122 890 2189 eique
901 2119 956 2173 rim

141 2188 296 2257 genitalem
307 2188 472 2252 adfundere,
478 2204 514 2240 ex
525 2204 581 2257 qua
589 2188 696 2241 foetum
708 2191 788 2248 oriri:
799 2196 828 2243 et
836 2192 956 2258 primam

143 2258 240 2310 adulto
251 2273 345 2310 curam
354 2259 507 2327 sepeliendi
519 2262 620 2327 patris:
639 2275 729 2328 neque
739 2260 768 2311 id
778 2266 893 2322 temere,
904 2261 954 2315 sed

142 2328 253 2379 sublato
274 2328 405 2381 murthae
425 2330 563 2396 pondere,
588 2334 752 2399 tentatoque
770 2346 822 2397 per
840 2331 956 2398 longum

141 2398 208 2461 lter,
219 2398 266 2449 ubi
275 2414 326 2465 par
336 2401 426 2463 oneri,
435 2415 486 2467 par
493 2402 650 2465 meatuisit,
660 2402 754 2454 subire
764 2402 883 2468 patrium
895 2414 955 2453 eor·

142 2482 204 2552 pus,
214 2469 298 2537 inque
310 2468 384 2522 Solis
395 2485 474 2522 aram
485 2472 612 2538 perferre
624 2477 709 2540 etque
720 2470 843 2524 adolere.
873 2470 955 2525 llaec

140 2543 251 2592 ineerta
262 2544 290 2593 et
296 2538 437 2593 'fabulosis
448 2542 538 2595 aucto
571 2543 703 2595 ceterum
713 2542 819 2609 adspiei
829 2540 955 2611 aliquan·

83 2636 86 2651 =
144 2608 180 2664 do
189 2610 219 2661 in
230 2612 357 2679 Aegypto
368 2628 430 2665 earn
440 2611 584 2666 volucrem
594 2628 651 2665 non
663 2615 822 2682 ambigitur.
917 2624 923 2642 ·’

202 2677 304 2740 xxm
332 2684 369 2740 nt
387 2684 502 2753 Romae,
521 2684 608 2742 caede
624 2686 763 2751 continua,
783 2678 955 2781 Pomponius

911 2783 918 2820 r

786 2825 914 2938 sl

880 2924 896 2994 r
