2034 3025
113 103 240 159 mov.
261 99 777 172 osr.r-o.[s.v.s2s.s.c71.]
808 100 863 156 rao
898 98 902 109 ’

64 215 126 259 nae,
136 197 258 248 admixto
269 197 352 254 nitro,
367 198 395 246 iu
404 196 504 244 vitrum
515 200 713 262 excoquuntur,
723 197 861 248 modicum

63 266 91 317 id
103 269 169 318 litus
180 271 209 316 et
220 265 394 332 egerentibus
409 261 612 313 inexhaustum.
766 294 768 299 ,

123 335 196 388 vlll.
215 335 318 400 Magna
332 341 395 398 pars
411 331 530 382 iudaeae
542 332 609 382 vicis
624 331 798 398 dispergitur.
815 329 879 382 ha·'

65 404 131 456 bene
140 409 169 454 et
179 402 287 468 oppida.
323 401 521 465 Hierosolyma
533 401 609 466 genti
624 404 715 465 mput.
750 398 862 450 llliciu·

66 485 176 524 mensae
196 469 353 536 opulentiae
373 468 515 532 templum,
535 474 564 518 et
578 470 673 534 primis
686 468 864 518 munimentis

65 541 142 602 urbs,
152 539 215 590 dein
228 539 329 604 liegia„
337 537 469 601 templum
479 537 584 587 intimis
595 537 725 587 clausum.
743 534 864 587 adfores

64 613 173 660 tastum
191 605 295 658 Iudaeo
315 605 418 655 aditust
437 604 545 667 liuline,
564 611 677 671 praeter
689 603 864 667 Sacerdotes,

65 677 241 742 arcebantur.
278 674 349 724 Dum
360 675 488 738 Assyrios
502 687 587 738 penes
597 673 749 740 Medosque
760 679 789 724 et
798 672 864 723 Per·

65 759 111 796 sas
117 743 215 794 Oriens
225 741 287 804 fuit,
298 742 505 806 despectissima
514 755 578 807 pars
588 743 780 792 servientiomr
791 747 865 807 post·

66 827 148 879 quam
159 810 325 862 Macedones
335 818 528 875 praepotuere,
537 812 596 862 Rex
605 809 764 871 Antiochus,
773 811 864 862 deme·

65 880 330 948 resaperstitionem
342 885 372 929 et
382 893 471 930 mores
481 879 650 930 Graecorum
662 879 729 930 dare
740 879 866 946 adnixus,

66 963 121 1016 quo
141 949 231 998 minus
250 949 421 999 teterrimam
441 953 552 1012 gentem
572 949 601 997 in
621 948 720 998 melios
734 953 867 1010 mutaret,

66 1015 232 1069 Parthorum
242 1016 318 1066 bello
334 1013 487 1079 prohibitus
502 1021 554 1064 est.
582 1030 644 1064 nam
656 1021 867 1080 eatempestete

65 1086 185 1136 Arsaces
201 1085 362 1134 desciverat.
398 1083 469 1131 'l'um
485 1081 594 1144 ludaei,
613 1083 812 1134 Macedonibus
827 1086 866 1134 iu·
925 1094 928 1097 ‘

66 1152 173 1214 validis,
194 1149 304 1201 Parthis
324 1149 447 1200 nondum
469 1149 572 1199 adultis
592 1150 865 1218 (etllomaniprocul

66 1225 157 1282 erant)
169 1220 220 1270 sibi
231 1220 283 1285 ipsi
293 1218 382 1284 Reges
391 1220 552 1284 inposuerer
572 1220 616 1285 qui
629 1219 781 1271 urobilltate
790 1220 866 1287 rulgi

65 1289 186 1355 expulsi,
207 1291 349 1352 resumpta
363 1301 414 1352 per
429 1301 508 1336 arma
523 1286 723 1349 dominatione,
742 1287 822 1354 luges
833 1289 867 1339 cl-

64 1359 147 1419 rium,
158 1357 266 1406 urbium
277 1357 444 1416 eversiones,
454 1353 582 1415 fratrum,
598 1357 755 1421 coniugum,
770 1371 868 1420 paren·

64 1433 125 1476 tum
140 1439 222 1474 neces
237 1424 348 1490 aliaque
368 1421 451 1473 solita
461 1422 582 1488 Regibus
601 1424 677 1485 ausi,
697 1425 868 1489 superstitio·

65 1507 129 1545 nem
141 1491 281 1543 fovebant:
301 1492 366 1559 qula
375 1489 465 1541 honor
476 1489 644 1555 Sacerdotii,
662 1492 866 1546 firmamentum

64 1562 215 1629 potentiae,
234 1560 439 1612 adsumebatur.
511 1556 516 1569 “
796 1614 800 1621 ,
903 1614 912 1622 ,

126 1628 174 1679 lX.
192 1630 381 1680 Romanorum
400 1629 507 1695 primus
527 1628 735 1695 cml’ompeius
749 1629 891 1687 ludaeoss

64 1696 189 1750 domuit:
209 1696 405 1763 ‘templumque
423 1698 487 1747 iure
504 1697 637 1748 victoriae
655 1699 796 1765 ingressus
816 1706 867 1750 cst

65 1764 302 1831 lndeeulgatum,
321 1766 397 1817 nulla
411 1762 584 1816 intusDeam
597 1762 690 1834 effigie
702 1782 815 1818 uacuam
830 1783 868 1819 se-

3 1848 6 1853 ’
67 1833 124 1885 dem
135 1832 266 1885 eticonis
277 1849 388 1885 arcanc.
415 1835 490 1885 Muri
501 1833 760 1900 Hierosolymorum
773 1835 867 1898 diruti,

65 1902 212 1969 delubrum
223 1904 332 1955 mansit.
367 1902 444 1965 Mos,
454 1902 527 1952 civili
538 1903 672 1953 internos
683 1904 769 1967 bello,
791 1911 865 1970 post·

65 1984 148 2037 quam
168 1971 196 2019 in
212 1970 345 2022 ditionem
361 1970 400 2022 M.
411 1971 699 2037 Antoniiprorinciae
718 1980 866 2037 cesserant,

64 2039 126 2091 Rex
135 2036 299 2089 Parthorum
312 2039 431 2090 Pacorus
442 2040 547 2091 ludaea
556 2042 673 2105 potitos,
691 2041 865 2093 interiectus-

65 2120 120 2173 que
131 2122 145 2156 a
157 2106 186 2156 l’.
201 2106 337 2170 Ventidio,
348 2113 376 2158 et
387 2107 481 2158 Parthi
491 2115 568 2158 trans
578 2106 738 2174 Euphraten
750 2111 866 2162 redacti:

63 2174 183 2227 ludaeos
194 2175 222 2225 C.
234 2174 329 2225 Sosius
339 2176 456 2243 subegit.
493 2178 626 2243 Regnum,
641 2177 675 2227 ab
684 2179 802 2230 Antonio
812 2180 866 2229 llo

63 2243 128 2295 rodi
147 2243 255 2303 datum,
275 2244 364 2294 victur
377 2245 518 2311 Augustus
537 2247 622 2295 aurit.
662 2245 730 2296 Post
749 2252 865 2298 mortem

63 2310 197 2373 Herodis,
211 2309 280 2362 nihil
290 2313 450 2377 exspectato
462 2313 594 2376 Caesare,
609 2313 684 2364 Simo
695 2314 807 2381 quidam
816 2315 866 2367 Re·
940 2337 943 2341 ·

64 2382 142 2449 giuns
157 2394 257 2430 nomen
272 2381 419 2431 invaserat.
455 2381 482 2432 ls
499 2395 516 2429 a
526 2382 680 2443 Quinctilio
689 2384 780 2445 Varo,
798 2384 866 2434 obti-

64 2453 150 2500 nente
166 2447 284 2515 Syriam,
305 2450 428 2513 punitusr
448 2454 477 2500 et
495 2456 604 2513 gentem
621 2452 768 2514 coercitam
785 2452 865 2504 liberi

62 2516 190 2571 Herodis
200 2518 342 2582 tripartito
353 2532 459 2569 rexere.
495 2516 552 2569 Sub
563 2520 677 2569 'liberio
687 2521 773 2586 quies
802 2520 865 2571 dein

63 2586 134 2639 iussi
144 2586 330 2651 reomense,
341 2582 459 2655 effigiem
469 2584 526 2639 etos
535 2585 565 2640 in
575 2588 672 2655 reontio
680 2590 779 2658 locare,
789 2602 866 2643 mma
