2034 3025
166 168 221 227 ano
253 122 367 224 rvn'u
387 169 523 223 snare.
543 152 875 242 visionensi.

167 357 239 407 ciam
248 353 395 420 Agricolae
415 350 563 411 destinari,
582 364 699 415 vacuam
719 355 780 402 tum
793 356 887 404 morte
901 352 980 404 Atilii

78 437 80 442 ’
166 424 240 487 nun,
261 422 432 484 consularis,
453 426 482 473 et
495 419 649 471 maioribus
662 425 844 473 reservatam.
884 421 981 474 Credi·

167 494 233 546 dere
254 493 393 561 plerique,
411 490 543 543 libertum
555 502 589 541 cx
602 490 800 542 secretioribus
814 491 980 543 ministeriis

166 565 278 614 missum
290 561 326 613 ad
335 560 507 629 Agricolam,
523 558 674 622 codicillos,
688 560 788 629 quibus
799 561 825 611 ei
835 558 923 627 Syria
934 561 981 612 da-

165 632 256 695 batur,
276 630 384 695 tulisse,
404 646 466 683 cum
477 634 635 697 praecepto,
650 634 690 692 ut,
705 630 729 680 si
739 630 767 679 in
777 628 932 681 Britannia
941 630 982 683 io·

164 707 218 764 ret,
228 700 419 753 traderentur:
438 714 556 767 eumque
570 698 702 751 libertum
711 699 740 749 in
750 700 813 765 ipso
823 697 900 751 freto
912 700 981 752 Oce-

158 771 212 823 'ani
232 764 343 823 obviuni
353 764 509 837 Agricolae,
530 784 565 819 ne
581 767 723 835 adpellato
743 768 860 835 quidem
876 783 927 833 eo,
946 770 980 821 ad

164 841 356 894 Domitianum
365 854 522 891 remeasset
539 838 599 889 sive
610 852 708 889 rernm
718 835 809 901 istud,
823 838 884 891 siue
895 853 933 890 ex
942 841 980 889 in·

163 911 248 979 genio
259 908 396 974 Principis
406 908 504 960 lictum
516 922 550 959 ac
560 907 742 975 compositum
753 911 804 959 est.
841 908 980 961 Tradide-

163 984 210 1032 rat
219 978 333 1030 interim
342 977 474 1045 Agricola
487 978 641 1030 successori
657 991 709 1028 suo
720 977 893 1043 provinciam
905 979 982 1047 quie·

163 1056 223 1101 um
243 1053 398 1116 tutamque.
438 1048 486 1111 Ac,
500 1062 537 1099 ne
552 1046 683 1112 notabilis
698 1046 864 1099 celebritate
880 1052 911 1099 et
927 1046 983 1101 ire-

164 1120 279 1189 quentia
298 1120 505 1171 occurrentium
524 1118 657 1169 introitus
672 1120 755 1181 esset,
774 1118 865 1168 vitato
876 1119 981 1170 amico-

164 1204 227 1241 rum
239 1188 341 1252 ultimo,
349 1194 435 1240 noctu
444 1189 472 1240 in
482 1186 590 1248 urbem,
606 1191 691 1239 noctu
701 1188 730 1238 in
740 1185 885 1254 palatium,
896 1188 941 1239 ita
950 1196 980 1239 ut

163 1263 342 1327 pracceptum
353 1262 424 1322 crat,
435 1257 524 1310 venitt
543 1262 730 1324 exceptusque
741 1258 818 1309 brevi
829 1256 942 1322 osculo,
952 1266 980 1309 et

164 1328 241 1381 nullo
252 1342 389 1389 sermone,
399 1327 500 1379 turbae
510 1327 692 1377 servientium
703 1328 837 1379 inmixtus
848 1332 901 1378 est.
932 1328 981 1379 Ce-

164 1406 266 1462 terum,
285 1403 318 1448 ut
328 1398 451 1455 militare
462 1412 574 1459 nomen,
596 1412 680 1465 grave
690 1397 764 1450 inter
772 1397 894 1460 otiosos,
915 1397 981 1449 aliis

163 1470 313 1523 virtutibus
322 1472 506 1535 temperaret,
526 1466 759 1536 tranquillitatem
780 1471 867 1536 atque
888 1468 980 1520 otium

163 1539 366 1608 penitusauxit,
377 1539 454 1590 cultu
463 1537 599 1602 modicus,
609 1548 737 1590 sermone
749 1538 850 1601 facilis,
861 1551 919 1589 uno
930 1545 982 1589 aut

164 1612 256 1663 altero
267 1610 418 1660 amicorum
429 1609 591 1660 comitatus:
603 1607 674 1659 adeo
686 1614 718 1659 ut
727 1608 863 1676 plerique,
875 1609 982 1676 quibus

165 1695 281 1748 magnos
289 1680 365 1730 siros
375 1693 425 1746 per
433 1678 614 1730 ambitionem
624 1679 773 1730 aestimare
784 1684 907 1742 noscet,
918 1681 982 1730 viso

165 1750 354 1817 adspectoque
363 1748 501 1816 Agricola,
521 1753 690 1816 quaererent
705 1747 816 1812 famam,
835 1749 923 1815 pauci
940 1750 983 1800 iu-

163 1823 398 1888 terpretarentur.
509 1837 515 1850 ·
722 1818 731 1824 “

217 1890 290 1942 XLl.
309 1889 415 1941 Crebro
427 1902 477 1955 per
492 1901 541 1939 eos
556 1884 616 1938 dies
631 1887 705 1954 apud
721 1886 918 1940 Domitianum
934 1888 986 1940 ab·

164 1975 228 2012 sens
239 1959 399 2020 adcusatus‚
408 1957 508 2010 absens
519 1955 664 2009 absolutus
675 1962 726 2009 est
747 1972 846 2010 caussa
856 1959 985 2024 periculi

165 2043 220 2080 non
232 2027 446 2090 crimenullum,
465 2036 515 2078 aut
525 2026 641 2096 querela
652 2026 722 2079 laesi
733 2028 910 2096 cuiusquam,
929 2029 983 2081 sed

164 2097 289 2150 infensus
299 2095 447 2148 virtutibus
458 2096 605 2163 Princeps,
624 2101 653 2148 et
666 2097 758 2166 gloria
767 2099 828 2160 viri,
848 2113 881 2149 sc
894 2101 985 2166 possi-

157 2180 240 2236 ,mum
251 2167 426 2217 inimicorum
443 2182 544 2235 genus,
562 2165 719 2219 laudantes.
755 2169 793 2220 Et
803 2182 839 2220 ea
848 2168 982 2222 insecuta

164 2244 230 2290 sunt
242 2235 419 2306 Reipublicae
430 2242 567 2304 tempora,
578 2251 649 2306 quae
661 2237 737 2290 sileri
748 2237 913 2306 Agricolam
925 2255 980 2291 nou

164 2311 301 2371 sinerent3
319 2311 364 2358 tot
374 2309 513 2359 exercitus
529 2309 558 2358 in
569 2307 680 2359 Moesia
689 2306 849 2378 Daciaque,
867 2315 900 2362 et
910 2310 981 2363 Ger·

164 2378 257 2428 mania
276 2376 487 2442 Pannoniaque,
515 2378 675 2429 temeritate
695 2383 746 2430 aut
763 2385 815 2444 per
835 2379 982 2446 ignaviam

162 2444 274 2496 Ducum
289 2445 397 2496 amissi:
416 2450 459 2496 tot
472 2445 609 2497 militares
619 2443 672 2496 viri
683 2457 746 2498 curn
758 2452 801 2499 tot
811 2445 984 2504 cohortibus

164 2515 314 2580 expugnati
327 2518 356 2566 et
365 2514 451 2580 capti:
463 2514 580 2565 nectam
591 2515 626 2567 de
637 2515 727 2568 limite
738 2517 854 2585 lmperii
864 2526 899 2572 et
909 2524 986 2588 ripa,

136 2613 140 2633 .
163 2581 212 2630 sed
227 2581 262 2634 de
273 2581 396 2633 bibernis
412 2582 555 2650 legionum
571 2589 602 2634 et
615 2586 791 2651 possessione
806 2585 988 2644 dubitatum.

164 2647 214 2706 lta,
224 2649 402 2701 cumdamna
416 2651 526 2702 damnis
536 2653 779 2719 continuarentur,
789 2661 879 2726 atque
891 2663 990 2712 omnis

163 2727 252 2766 sunus
262 2715 408 2771 funeribus
418 2725 448 2773 et
457 2717 584 2774 cladibus
593 2723 787 2793 insigniretur,
806 2729 992 2796 poscebatur
