2034 3025
94 90 486 152 arescerent-or.
504 94 662 169 [aven.
675 95 815 168 ncne]
835 97 888 154 aer

76 199 165 255 men
169 199 277 268 pridem
286 215 426 264 sennen,
446 216 502 270 quo
514 200 639 253 damnati
650 201 761 268 publico
771 201 886 256 Atheni·

76 271 190 326 ensium
199 269 303 322 iudicio
314 271 578 338 exstinguerentur,
581 277 734 338 promereti
748 271 885 325 adlatum·

75 354 133 409 que
143 337 239 392 bausit
248 337 365 404 frastra,
379 337 499 408 frigidos
508 343 564 392 iam
574 343 665 404 artus,
680 345 710 392 et
719 339 814 394 clauso
825 355 885 395 cor·

97 423 147 461 ore
157 409 307 462 adversum
317 410 373 460 rim
383 411 495 462 veneni.
531 409 680 463 Postremo
696 413 828 478 stagnum
839 426 884 464 ca·

28 543 52 562 „
73 424 885 618 &teutones

74 617 224 671 aaroni.
257 616 331 669 Exin
342 617 445 670 balneo
454 619 571 682 inlatus,
587 625 618 672 et
627 633 732 686 vapore
743 620 805 671 eius
817 633 883 670 exa-

73 688 211 750 nimatus,
232 688 296 738 sine
312 686 372 738 ullo
391 685 501 740 funeris
521 688 633 743 solenni
653 692 803 742 crematur.
839 689 884 752 lta

74 755 215 810 codicillis
231 758 467 823 praescripserat,
487 773 551 810 cum
563 760 649 811 etiam
663 763 724 812 tum
735 757 883 829 praedives
912 779 918 789 =

74 831 108 879 et
116 831 287 894 praepotens
302 827 440 894 supremis
451 829 511 879 suis
521 828 691 881 consuleret.

129 893 214 948 va.
227 895 320 956 ,Fama
332 895 404 960 tuit,
423 896 554 950 Subrium
565 897 768 950 Flavium‘cum
780 896 902 958 cartu-2

74 963 206 1018 tionibus
226 965 334 1017 occulto
350 966 486 1029 consilio,
506 981 597 1034 neque
616 970 712 1019 tamen
731 959 883 1036 ignorante

75 1031 196 1096 Seneca,
212 1034 465 1097 destinavissent,
480 1043 545 1103 post
555 1035 670 1088 occisum
680 1051 762 1105 opera
773 1033 884 1088 Pisonis

74 1101 222 1166 Neronem,
243 1103 310 1157 Piso
324 1119 428 1172 quoque
443 1102 656 1174 interficeretur,
675 1105 885 1172 tradereturque

73 1172 223 1240 Imperium
234 1168 359 1237 Senecae,
374 1171 612 1238 poeninitentiam
622 1171 786 1227 claritudine
797 1173 885 1224 virta-

73 1249 136 1294 tum
150 1242 187 1294 ad
200 1257 331 1294 summum
345 1241 497 1315 fastigium
518 1243 627 1296 deiecto.
662 1245 736 1305 Quin
752 1248 781 1294 et
796 1241 884 1294 rerba

73 1310 373 1380 Flaviiuulgabantur:
391 1330 446 1366 non
455 1313 563 1385 referre
572 1313 704 1376 dedecori,
713 1310 742 1362 ii
751 1309 884 1363 eitirdroe·

74 1380 127 1432 dus
146 1380 329 1440 demoveretur
349 1391 376 1434 et
396 1382 544 1450 tragoedus
563 1383 731 1435 succederet:
755 1381 833 1445 quia,
850 1384 884 1431 ut

65 1449 153 1503 *Nero
164 1449 283 1516 eithara,
294 1451 336 1503 ita
346 1452 413 1503 Piso
422 1452 535 1519 tragico
546 1458 647 1504 ornatu
657 1450 786 1502 cernebat.

128 1519 225 1577 LXVI.
236 1524 368 1575 Ceterum
377 1521 510 1572 militaris
521 1536 631 1589 quoqne
641 1519 814 1587 conspiratio
824 1532 883 1571 nou

22 1601 26 1608 ‘
73 1588 161 1643 oltra
167 1589 281 1655 fefellit,
300 1592 426 1643 accensis
445 1590 583 1654 indicibus
599 1589 634 1640 ad
648 1586 820 1657 prodendum
831 1586 883 1641 Fe·

61 1660 153 1711 nium
165 1659 278 1725 Rufum,
296 1675 380 1730 quem
394 1659 515 1713 eundem
531 1661 674 1712 conscium
688 1662 718 1710 et
734 1658 883 1725 inquisito·

73 1742 138 1781 rem
158 1745 214 1783 non
231 1731 401 1783 tolerabant.
445 1731 524 1799 Ergo
541 1728 661 1781 instanti
680 1726 882 1795 minitantique

73 1798 209 1866 renidens
220 1798 365 1863 Seennrm
383 1798 523 1865 neminen,
541 1798 590 1859 ait,
607 1799 690 1866 plura
704 1796 784 1859 scire,
802 1810 883 1863 quarn

73 1866 173 1935 ipsum.
206 1869 503 1937 Hortatusqueultro,
522 1869 646 1921 redderet
655 1875 712 1919 tam
723 1866 789 1918 bono
799 1864 884 1919 Prin-

75 1934 133 2003 cipi
142 1935 233 1989 dcem.
268 1936 332 1990 Non
342 1949 397 1991 vox
406 1938 556 1990 adversum
568 1952 602 1990 ea
611 1935 711 2001 Fenio‚
732 1950 789 1987 non
800 1936 883 1987 silen-

74 2006 167 2069 tium,
182 2006 233 2059 sed
241 2008 390 2075 verbosae
402 2007 592 2075 praepediens
603 2010 633 2057 et
641 2006 755 2125 pproris
765 2002 883 2055 manife-

14 2117 18 2120 ,
64 2079 139 2124 stus
150 2076 318 2142 ceterisque,
328 2090 361 2128 ae
370 2075 630 2128 maximeCervario
679 2073 882 2139 oculoEquite,

75 2141 111 2193 od
122 2143 340 2196 convincendum
351 2155 415 2194 eum
426 2145 551 2195 connisis
557 2179 566 2207 ,
581 2144 661 2193 iussu
670 2142 853 2209 Imperatoris
864 2154 883 2193 a

76 2211 174 2264 cassio
187 2214 290 2275 milite,
309 2213 356 2283 qui
367 2212 403 2263 ob
414 2215 528 2280 insigne
541 2212 669 2281 corporis
684 2212 773 2264 robur
787 2208 881 2262 adsta·

73 2278 134 2343 bat,
145 2282 303 2350 corripitur
310 2281 499 2346 vinciturque.
847 2340 857 2345 ‚

90 2385 93 2393 «
135 2348 248 2402 vau.
265 2350 334 2403 Mox
349 2350 503 2404 eorundem
519 2347 623 2401 indicio
640 2347 757 2402 Sobrius
767 2348 882 2401 Flavius
922 2356 926 2365 ¹

74 2418 220 2485 Tribunos
229 2420 411 2488 pervertitur,
422 2420 513 2486 primo
524 2416 768 2471 dissimilitudinem
778 2430 882 2469 merum

73 2486 110 2541 od
120 2486 315 2540 defensionem
325 2487 450 2551 trahens,
463 2504 550 2555 nque
558 2504 585 2539 ee
594 2496 731 2541 armatum
741 2500 801 2539 ctam
810 2487 883 2539 iner-

73 2554 160 2609 mibus
172 2566 201 2612 et
214 2555 381 2626 effeminatis
396 2566 504 2611 tantam
519 2556 635 2631 facinus
649 2558 883 2611 conseeiaterrsnti
953 2552 962 2579 ·“

72 2622 151 2694 dein,
160 2632 310 2698 postquam
317 2630 482 2701 urgebatur,
492 2627 682 2752 coniesfiip'nizs
692 2628 813 2698 gloriam
825 2640 887 2678 am-
