2034 3025
78 68 224 161 univ.
242 100 462 160 orent-lo.
481 103 635 179 [aven.
653 107 795 173 n.c71.]
816 106 866 161 ros

58 178 868 202 ...Μ-Ἥ

61 214 191 279 omisere.
227 209 384 270 Mucianus,
403 222 439 259 ne
448 210 542 273 sperni
553 206 672 259 Senatus
682 210 822 272 iudicium,
839 218 868 263 st

59 283 167 334 eunctis
184 278 237 330 sub
252 278 365 330 Nerone
379 276 508 327 admissis
524 276 591 335 data
606 278 747 343 inpunitas
763 279 868 331 videre·

60 358 117 413 tur,
136 350 282 418 (lotarium
292 346 429 413 Sagittam
439 350 468 398 et
477 345 626 397 Antistium
637 344 798 409 Sosianum,
819 346 867 401 Se-

5 431 7 454 l
59 420 162 471 natorii
174 418 288 479 ordinis,
308 430 434 482 egressos
444 414 581 477 exsilium,
601 417 629 465 in
640 416 750 469 casdem
761 416 866 468 insulas

5 496 7 528 ἲ
61 488 178 554 redegit
214 485 346 537 Octavius
357 484 484 535 Pontiam
495 483 681 547 Postumiam,
710 491 807 551 stupro
823 500 867 537 co·
952 506 953 509 ¹

61 558 168 625 gnitam
179 558 208 605 et
216 555 327 619 nuptias
336 567 401 603 suas
411 553 594 616 abnuentem,
623 555 751 618 inpotens
762 556 866 607 amoris

5 641 8 665 t
60 624 255 685 interfecerat3
283 622 415 673 Sosianus
431 622 567 687 pravitate
582 637 690 675 ntorum
702 624 798 673 multis
809 625 866 674 eni-

60 696 159 745 tiosus.
194 691 282 741 Ambo
293 692 370 759 gravi
382 689 500 741 Senatus
512 690 637 749 consulto
649 692 771 753 damnati
782 693 866 759 pulsi-

61 761 133 830 q'ue,
153 761 277 828 quamvis
287 774 421 811 concesso
431 759 493 811 aliis
501 760 609 822 reditu,
627 760 656 810 in
667 761 764 813 eadem
776 776 865 827 poena

5 855 6 860 ¹
61 832 165 882 retenti
185 834 257 879 sunt.
294 828 354 881 Nec
367 827 432 894 ideo
445 828 534 879 lenita
550 844 616 895 erga
626 830 786 889 Mucianum
797 832 865 880 invi·

5 931 6 944 r
60 900 116 951 dia
153 898 260 965 Quippe
272 897 403 950 Sosianus
419 912 452 948 ae
461 896 571 963 Sagitta
580 897 663 961 viles,
693 900 810 951 etiarnsi
823 914 864 950 re·
950 904 952 913 '

5 989 6 998 ¹
58 973 250 1020 verterentur:
279 968 475 1018 adcusatorum
495 967 607 1031 ingenia
620 972 648 1017 ct
663 982 729 1035 opes
744 974 773 1021 et
787 984 865 1019 exer-

5 1073 6 1080 1
59 1039 116 1089 cita
125 1038 204 1087 malis
213 1038 320 1087 artibus
329 1036 455 1099 potentia
464 1034 643 1085 timebantur.

112 1105 199 1156 XLV.
216 1104 415 1155 Reconciliavit
424 1102 576 1168 paullisper
587 1103 680 1155 studio
690 1104 805 1157 Petrum
816 1103 863 1154 lra-

58 1175 118 1227 bita
138 1175 167 1225 in
177 1172 282 1224 Senatu
300 1173 423 1239 cognitio
436 1172 587 1224 secundum
605 1178 729 1224 veterem
749 1188 864 1224 morem.

60 1244 184 1295 Manlius
194 1243 351 1303 Patruitus,
374 1239 508 1303 Senator,
532 1242 673 1305 preliatum
682 1258 709 1293 te
719 1242 749 1293 in
759 1241 864 1293 colonio

58 1312 172 1365 decroni
192 1320 270 1364 coetu
288 1309 471 1371 inultiturlins‘r
492 1318 520 1360 et
539 1309 614 1360 iussu
635 1308 864 1378 magistratuum,

57 1383 238 1451 querebatur:
256 1379 393 1447 mcfinem
402 1376 522 1429 iniuriae
533 1377 707 1429 ticttctisse:
722 1380 864 1445 planctum

59 1459 87 1505 et
97 1451 216 1501 lamenta
226 1456 254 1499 et
263 1462 444 1515 supremorum
453 1445 599 1514 imaginem
605 1446 746 1513 praetenti
756 1446 865 1498 sibicc'r-
932 1466 941 1483 x

58 1521 187 1572 eternitate
197 1535 257 1569 cum
267 1515 434 1569 contumetiis
445 1524 472 1567 ct
477 1515 596 1581 probris,
615 1531 684 1584 quoe
693 1515 723 1568 in
734 1515 864 1568 Senatum
916 1563 920 1568 ,
1003 1553 1007 1557 ‚

59 1587 214 1641 uniuersum
223 1587 385 1639 menentur.
408 1585 518 1646 Vocati,
538 1585 584 1651 qui
596 1585 794 1651 urguebantur.
818 1585 864 1648 Et,

60 1658 173 1725 cognita
183 1670 293 1718 caussa,
316 1656 345 1722 ip
356 1655 496 1706 convictos
505 1654 683 1704 vindicatum.
719 1653 864 1704 Additum·

59 1744 114 1796 qne
126 1727 176 1779 SC.
186 1740 241 1794 qno
252 1723 415 1777 senensium
429 1722 524 1788 plebes
540 1722 692 1774 modestiae
703 1723 863 1774 admonere·

60 1805 116 1848 tur.
151 1797 250 1848 lisdem
267 1794 364 1845 diebus
377 1791 863 1857 AntoniusFlammaCyrenensibus
953 1803 957 1808 '
975 1847 979 1854 .

62 1861 506 1930 ‹mmnaturlegerepctundarum,
517 1867 546 1912 et
556 1861 655 1912 exsilio
666 1862 700 1912 ob
708 1862 863 1912 saevitiam.

113 1934 211 1987 xcvi.
230 1933 306 1984 luter
316 1946 388 1998 quae
398 1931 529 1982 militaris
543 1929 644 1980 seditio
655 1945 739 1996 prope
750 1932 863 1982 eser-sit.
920 1937 923 1944 ’

62 2003 271 2055 l‘nactorlanam
281 2001 410 2050 militiam
421 1993 584 2066 repetebant
598 2015 615 2049 n
627 1999 737 2051 Vitellio
748 2000 865 2062 dimissi,

62 2085 113 2138 pro
128 2071 300 2138 Vespasiano
320 2071 493 2137 congregati:
525 2075 552 2120 et
566 2067 684 2120 inlectus
703 2071 730 2120 in
747 2069 864 2120 eandem

61 2156 154 2207 spem,
177 2155 198 2198 e
209 2139 364 2206 legionibus
374 2139 453 2190 miles
462 2139 599 2204 promissa
613 2137 751 2204 stipendia
759 2137 866 2205 flagita-

61 2211 122 2262 bat:
143 2224 180 2262 ne
189 2208 334 2260 Vitelliani
345 2208 455 2275 quidem
465 2209 526 2257 sine
536 2207 624 2258 multa
633 2209 717 2261 caede
727 2206 794 2272 pelli
805 2212 865 2272 pot·

63 2284 159 2342 erant;
176 2278 236 2339 ,sed
255 2278 381 2328 inmensa
400 2277 518 2342 pecunia
532 2276 688 2338 dicebatur,
716 2289 771 2342 qua
786 2281 871 2326 tanta
923 2281 936 2293 “·

60 2353 102 2399 vis
115 2347 257 2410 hominurn
271 2345 416 2398 retinenda
429 2351 498 2397 erat.
534 2346 678 2412 Ingressus
693 2350 786 2408 castra
803 2345 865 2394 Mu-

61 2419 172 2479 cianus,
187 2446 189 2453 ι
200 2430 256 2485 quo
266 2417 369 2474 reotius
379 2415 524 2480 stipendia·
532 2414 705 2482 singulorum
716 2419 866 2479 spectaret,
964 2449 966 2454 s

61 2487 120 2538 suis
130 2501 192 2538 cunr
202 2485 356 2552 insignibus
367 2485 505 2552 armisque
515 2484 794 2544 victoresconstituit,
809 2497 883 2550 mo,
978 2499 983 2510 ²

5 2578 6 2602 ;
61 2557 131 2609 dicis
141 2557 215 2608 inter
223 2571 254 2606 se
263 2556 359 2620 spatiis
370 2554 512 2604 discretos.
540 2553 611 2608 Tum
625 2553 776 2612 Vitelliani,
796 2567 865 2618 quos

5 2638 7 2673 ὲ
62 2626 136 2694 spud
146 2625 270 2678 Bovillas
280 2625 308 2674 in
319 2623 488 2676 deditionem
502 2629 633 2742 acceptu}
643 2625 870 2740 {tenimentorum

408 2872 426 2920 'i
