2034 3025
46 89 49 96 ’
137 117 520 189 1vnnoung1csv1co
544 119 758 174 comeo-31.
811 121 866 176 28³

81 207 336 220 ,...------.--

79 235 162 302 quibus
171 234 256 284 cruda
267 247 299 284 uc
310 233 406 283 viridis
422 239 564 296 senectus,
583 233 653 294 clari
663 233 753 295 bello,
773 250 806 285 sc
816 249 868 287 sua

78 307 177 372 quisquc
198 303 299 354 decora
316 307 471 369 gestantem
492 317 554 352 cnm
569 303 641 354 inter
660 303 754 369 plures
774 302 867 355 Duces

58 376 165 432 ,uirtute
176 376 204 422 et
214 385 316 438 genere
327 375 482 440 praestans,
499 369 614 422 nomine
630 372 773 438 Calgacus,
795 373 868 437 apud

74 446 233 492 contractam
253 439 471 502 multitudinem,
491 440 628 507 proelium
648 446 820 507 poscentem,
839 443 869 492 in

76 509 140 560 hunc
149 508 258 559 mudum
274 509 383 558 locutus
394 508 495 561 fertur:

120 579 202 629 XXX.
244 575 373 638 Quotiens
388 593 497 629 caussas
512 577 574 630 tau
587 585 615 630 et
629 577 815 631 necessitatem
823 595 869 630 no·

74 655 151 699 stram
163 646 286 709 intueor,
307 661 420 714 suagrous
434 646 501 700 mibi
513 647 620 700 aniruus
634 655 688 710 est,
712 646 869 698 bodiernum

74 717 144 777 cliens,
158 729 360 783 consensumque
370 724 497 780 restrum,
515 716 627 768 initium
637 714 774 768 libertatis
784 715 869 767 totius

71 782 306 855 Britonaioesore.
342 784 411 837 Nam
421 796 448 838 et
457 785 576 839 uniuersi
586 785 725 839 servitutis
739 794 870 851 expertes,

71 862 98 907 et
105 855 189 906 nullae
199 856 274 906 ultra
285 864 385 918 terrae,
405 870 437 907 ac
447 871 563 908 nemore
573 855 678 924 quidem
687 869 819 917 securum,
829 851 870 906 in·

70 922 180 976 minente
190 923 263 976 nobis
274 926 358 976 classe
368 922 502 976 Romana.
539 924 582 975 ita
588 925 723 991 proelium
733 932 816 990 atque
825 939 870 975 ar·

69 1009 118 1055 rna,
137 993 330 1064 puaefortibus
340 992 459 1055 bonerto,
480 993 570 1042 eadem
580 993 664 1044 etiam
673 993 781 1061 ignaris
791 992 860 1044 tutis
908 1034 912 1042 i

67 1061 141 1124 simu,
151 1070 221 1113 sunt.
258 1061 371 1112 Priores
382 1075 501 1128 pugnae,
522 1060 616 1124 quibus
631 1062 757 1111 adsersus
770 1059 859 1112 Roma

66 1145 112 1183 nos
121 1127 196 1180 aar‘ia
202 1130 323 1202 fortuna
334 1137 468 1182 certatum
482 1136 532 1191 est,
550 1143 622 1195 spem
636 1145 669 1180 oc
683 1127 831 1180 subsidium
839 1129 870 1182 irs

66 1198 163 1252 nostris
174 1198 296 1251 manibus
306 1197 456 1251 babebants
474 1197 539 1264 quia
550 1196 709 1249 nobilissimi
718 1196 868 1256 totiusBri·

66 1268 187 1331 tanuiae,
207 1285 287 1334 eoque
297 1267 326 1320 in
339 1267 405 1335 ipsis
417 1267 602 1334 penetralibus
616 1267 679 1330 siti,
697 1285 747 1319 nec
757 1266 874 1318 seruien-⁴

65 1337 134 1388 tium
143 1337 226 1388 litora
237 1337 427 1402 adspicientes,
446 1338 536 1388 oculos
546 1351 649 1402 quoque
659 1352 677 1387 a
687 1344 816 1388 cautam
827 1336 870 1386 do-

64 1405 221 1456 minationis
233 1405 377 1456 inuiolatos
391 1403 560 1456 habebamus.
596 1403 666 1466 Nos,
686 1412 824 1454 terrarum
837 1418 871 1455 ac

65 1471 201 1525 libertatis
215 1480 360 1537 extremos,
380 1488 498 1525 recessus
516 1473 574 1541 ipse
591 1488 625 1526 ae
643 1472 720 1525 sinus
729 1472 826 1556 [ansae
840 1470 871 1526 irs

62 1542 133 1593 bunc
144 1542 213 1593 diem
223 1542 351 1623 defendit.
388 1558 458 1594 nunc
468 1542 598 1593 terminas
607 1540 773 1595 Britanniae
779 1548 869 1609 potet.

61 1618 145 1678 atque
156 1626 230 1662 omne
239 1618 361 1679 ignotiora
368 1610 420 1678 pro
426 1610 572 1679 magnifico
582 1619 630 1662 est.
667 1610 722 1662 Sed
729 1612 804 1663 nulla
813 1610 870 1662 iam

61 1681 140 1731 ultra
151 1694 233 1748 gens,
252 1678 322 1731 nibil
337 1680 392 1733 nisi
403 1678 508 1747 fluetus
524 1688 551 1730 et
567 1696 650 1731 saxos
668 1688 696 1732 et
714 1679 869 1750 infistiores

59 1748 197 1802 Romani:
214 1764 326 1815 quorum
336 1748 487 1817 superbiam
493 1748 609 1820 frustra
616 1764 668 1815 per
677 1748 831 1813 obsequium
842 1756 870 1799 et

59 1816 220 1872 rroodesto'am
236 1814 375 1886 effugeris.
411 1827 535 1884 raptores
552 1817 637 1880 orbis,
654 1827 797 1885 postquam
806 1816 870 1869 cun·

58 1896 107 1938 cta
117 1886 288 1939 vastantibus
298 1887 407 1958 defuere
417 1895 519 1948 terroe,
530 1894 558 1937 et
567 1902 641 1937 mare
651 1895 826 1937 scrutaretur.-
844 1884 871 1937 si

59 1958 180 2023 locuples
191 1954 275 2008 bostis
286 1964 350 2018 est„
359 1955 438 2007 orari
444 1971 456 2015 ,·
473 1956 619 2021 apocopen,
634 1954 786 2007 ambitiosi:
805 1970 870 2020 quos

57 2041 114 2077 non
134 2022 243 2087 Oriens,
263 2042 315 2077 non
336 2023 474 2086 Occidens,
495 2023 647 2076 satiaverit.
682 2024 732 2075 soli
751 2024 870 2077 omnium

57 2109 123 2159 opes
134 2101 217 2159 atque
226 2093 346 2161 inopiam
353 2093 420 2161 pori
428 2093 541 2173 adfecta
550 2093 750 2159 concupiscunt.
769 2091 871 2163 Aufer·

55 2178 98 2224 re,
116 2160 267 2222 trucidare,
279 2177 381 2228 rapere,
396 2163 481 2232 salsos
491 2161 641 2214 nominibus
650 2163 810 2227 imperium
829 2168 872 2211 at·

54 2246 118 2297 que,
131 2228 180 2280 ubi
189 2229 358 2280 solitudinem
363 2228 486 2299 faciunt,
506 2244 602 2294 pacem
613 2230 757 2295 adpellant.

112 2298 218 2350 xxxt.
254 2295 366 2347 Liberos
374 2296 469 2363 cuique
481 2314 515 2348 aa
522 2298 687 2365 propinquos
697 2311 758 2347 suos
767 2304 870 2348 natura

52 2368 216 2423 carissimos
225 2381 280 2417 esse
289 2364 382 2416 coluit.
417 2364 502 2431 bipes
513 2367 637 2426 delectus,
656 2364 722 2415 alibi
731 2363 871 2426 servituri,

51 2437 247 2509 auferuntur:
266 2434 392 2503 coniuges
402 2447 566 2498 sororesque,
593 2432 643 2483 etsi
652 2432 774 2484 bostilem
784 2432 871 2484 libidi-

48 2523 118 2564 nem
130 2503 280 2573 effigiant,
299 2503 402 2555 nomine
413 2504 564 2553 amicorum
574 2509 655 2568 atque
666 2499 806 2567 hospitum
814 2503 871 2568 pol

49 2580 188 2631 luuntur.
222 2570 300 2624 Bona
310 2573 494 2643 fortunasque
508 2571 538 2623 in
549 2570 682 2622 tributum
692 2578 826 2638 egerunt‚·
842 2568 881 2641 irsn

47 2642 383 2714 annonomframentum.
420 2656 534 2708 corpora
547 2637 607 2708 ipsa
621 2655 655 2694 ac
667 2654 777 2705 manus,
796 2638 871 2692 silvis

983 2681 989 2708 Ι
1002 2669 1003 2672 ,
