2034 3025
65 87 914 208 nvncas'uomassennes.eumenem]au„¹

65 218 152 281 Trio,
169 217 328 284 ingerentis
338 212 515 271 accusatores
523 219 600 272 baud
612 237 768 290 perpessus,
788 240 882 292 supre-

65 287 124 354 mis
134 284 239 337 tabulis
249 285 494 340 multactatrocia
504 289 533 340 in
543 291 716 354 Macronem,
732 295 881 359 aepraeci-

65 369 143 422 puos
152 355 318 407 libertorum
330 356 465 421 Caesaris,
480 361 644 426 composuit,
659 362 711 427 ipsi
723 359 834 430 flrsxam
844 378 882 414 se·

64 424 115 477 nio
131 431 255 484 medem,
275 432 302 475 et
317 425 444 478 continuo
462 427 585 481 abscessu
603 431 678 484 velut
695 429 819 482 exsilium
834 431 881 481 ob·

18 505 28 513 ‘
63 493 210 547 iectando.
247 493 335 557 Quae,
345 494 379 546 ab
390 493 540 548 heredibus
551 497 698 563 occultata,
713 498 825 552 recitari
836 500 882 550 'Pi-

64 563 166 618 berius
176 563 270 614 iussitz
284 565 448 631 patientiam
459 565 598 620 libertatis
608 569 716 622 alienae
728 572 881 630 ostentans,

64 638 98 686 et
105 632 290 699 'contemptor
299 647 369 684 suae
376 633 517 698 infamiae,
536 653 572 688 an
583 639 718 691 scelerum
730 636 822 690 Seiani
833 637 882 688 diu

64 704 190 764 nescius,
201 716 267 752 mox
277 717 388 770 quoquo
399 704 482 755 modo
493 706 567 774 dicta
577 707 687 775 vulgari
696 707 826 771 malebat,
838 719 882 758 ve·

65 771 230 838 citatisque,
240 772 283 822 cui
293 771 418 823 adulatio
430 775 524 838 officit,
534 791 583 841 per
593 779 694 843 probra
705 777 804 828 saitem
813 789 889 846 girat
941 824 945 830 s

65 856 119 894 rus
131 842 202 892 lieri.
220 839 321 892 lisdem
334 840 431 893 diebus
442 842 563 896 Granius
573 847 740 908 Martianus,
751 843 880 906 Senator,

34 943 38 948 -
66 926 88 961 a
102 911 132 960 C.
145 907 276 960 Graccho
289 912 443 962 maiestatis
459 915 626 979 postulatus,
647 916 699 967 vim
719 916 793 967 vitae
813 912 882 964 sua‘e

68 978 186 1030 adtulit:
202 979 355 1046 'l'atiusque
368 980 528 1047 Gratianus,
539 979 676 1036 Praetura
686 983 881 1050 iunctus21ego

69 1048 170 1100 eadem
182 1054 338 1099 extremum
350 1050 387 1101 ad
396 1051 561 1117 supplicium
573 1051 728 1105 damnatus.

99 1169 113 1185 ,¹
125 1115 253 1169 XXXIX.
280 1116 339 1171 Nec
354 1119 478 1185 dispares
494 1122 666 1174 Trebelliani
676 1122 739 1174 Ruti
753 1125 782 1174 et
792 1119 882 1173 Sextii

69 1186 221 1238 Paconiani
233 1187 333 1258 exitus.
370 1188 440 1240 Nem
452 1191 645 1243 Trebellienus
659 1206 709 1242 sua
720 1206 804 1242 manu
815 1190 881 1243 ceci-

71 1255 128 1318 dit;
146 1254 321 1309 Paconianus
331 1259 360 1308 in
371 1273 496 1322 carcere,
517 1261 552 1311 ob
563 1262 687 1312 mimine
697 1260 754 1312 illic
765 1261 793 1310 in
804 1259 885 1310 Prin-'

72 1327 162 1392 cipem
182 1323 327 1390 factitata,
347 1329 541 1396 strangulatus
563 1335 614 1383 est.
650 1329 730 1382 llaec
750 1329 881 1381 Tiberius

72 1408 128 1445 non
141 1396 220 1458 meri,
229 1401 264 1446 ut
273 1395 565 1466 olim,dirisns‚neque
575 1395 883 1466 perlonginquos'nun-
985 1409 987 1414 ’

70 1464 129 1516 tius
138 1464 304 1531 accipiebat,
324 1466 374 1519 sed
384 1468 481 1529 urbem
496 1468 589 1531 iuxta3
608 1467 705 1521 eodem
721 1472 754 1521 ut
765 1465 818 1528 die,
835 1463 883 1516 rel

71 1533 161 1585 noctis
170 1536 330 1599 interiectu,
339 1537 600 1589 litterisconsulum
611 1537 790 1588 rescriberem
802 1532 882 1602 quasi
914 1535 916 1541 ’

71 1603 226 1668 adspiciens
237 1605 388 1657 undantem
400 1620 450 1673 per
460 1604 744 1673 domossanguinem,
765 1608 886 1671 anima-y
988 1660 992 1667 ,

71 1686 125 1723 nus
145 1674 315 1725 carnificum.
352 1675 422 1727 Fine
442 1677 507 1726 anni
524 1674 669 1741 Poppaeus
684 1673 802 1725 Sabinus
817 1685 880 1723 eon-
926 1722 930 1729 ,

72 1742 158 1792 cessit
166 1743 234 1807 vita,
245 1734 500 1813 medidusorigiuia,
512 1744 671 1811 Principum
682 1743 804 1795 amicitia
810 1742 880 1792 Gon-

71 1809 193 1861 sulatum
209 1826 242 1863 ac
255 1812 424 1879 triumphale
443 1813 529 1865 decus
549 1813 682 1880 adeptus:
697 1812 880 1877 maximisque

72 1880 221 1946 provinciis
245 1895 296 1948 per
315 1888 436 1950 quatuor
457 1888 486 1934 et
503 1884 603 1951 viginti
621 1897 709 1935 anuos
728 1882 879 1947 inpositus;
924 1906 927 1911 ·

71 1948 176 2001 nullam
186 1950 222 2001 ob
232 1950 362 2004 eximiam
373 1959 473 2017 artem,
483 1952 533 2005 sed
544 1952 617 2022 quod
629 1966 680 2019 par
690 1954 819 2023 negotiis,
831 1968 877 2006 ne·
904 2000 905 2007 ,

72 2034 126 2088 que
135 2033 219 2085 supra
229 2022 299 2070 erat.
455 2065 457 2072 .
484 2068 488 2074 .

128 2092 190 2145 XL.
215 2094 250 2157 Q.
261 2092 397 2160 Plautius,
414 2092 477 2147 Sex.
488 2095 620 2163 Papinius
630 2109 700 2147 coss.
712 2096 876 2162 sequuntur.
975 2136 978 2144 ,

70 2162 112 2213 Εο
123 2175 210 2225 anno,
229 2164 337 2231 *neque
352 2164 427 2233 quod
437 2164 469 2215 L.
479 2165 612 2216 Aruseius
623 2162 712 2220 morte
723 2162 827 2216 adiecti
839 2160 878 2213 io·

71 2236 142 2294 rent,
160 2231 346 2285 adsuetudine
356 2232 501 2297 malorum,
515 2237 549 2285 ut
562 2238 654 2296 atrox,
670 2230 878 2293 advertebatur,

71 2299 119 2349 sed
130 2303 278 2364 exterruit,
287 2303 360 2368 quod
369 2301 525 2354 Vibulenus
534 2304 665 2370 Agrippa,
676 2300 768 2367 Eques
779 2298 878 2351 Romo·

71 2383 131 2430 nus,
149 2383 211 2419 cum
230 2377 408 2435 perorassent
424 2375 611 2437 accusatores,
629 2372 658 2421 in
672 2370 733 2436 ipsa
744 2370 821 2422 curia
832 2368 879 2419 de-

71 2432 227 2505 promptum
247 2440 310 2490 sinu
329 2455 467 2491 venenum
486 2438 592 2505 bausit;
623 2440 825 2507 prolapsusque
845 2452 885 2513 ac,

70 2504 258 2569 moribundus,
270 2507 408 2567 festinatis
419 2509 549 2561 lictorum
560 2509 688 2560 manibus
697 2510 725 2575 ivn
737 2519 877 2559 carcerem

70 2578 165 2638 raptus
180 2580 233 2638 est,
252 2576 403 2648 faucesque
417 2578 472 2629 iam
488 2576 738 2645 exanimislnqueo
751 2576 877 2647 vexatae.

71 2640 111 2696 aa
119 2644 258 2713 Tigranes
269 2647 396 2718 quidem,
409 2647 547 2703 &menia
555 2645 694 2712 quondam
700 2642 810 2703 potitus
844 2650 877 2687 aa
