2034 3025
51 142 57 151 ·
146 120 183 173 sa
223 84 227 101 '
265 116 670 189 ruminavu1nu772.
690 118 829 191 uma]

146 227 245 286 nrissu,
265 225 373 291 ingredi
392 224 581 286 senatoribus,
603 229 653 274 aut
672 225 811 291 equitibus
825 224 960 276 Romanis

145 294 323 356 inlustribus,
333 294 457 359 seposuit
466 295 637 359 Aegyptum:
650 309 684 344 ne
696 294 768 345 lanio
779 300 895 361 urgeret
904 296 959 345 lta·

145 363 227 426 liam,
246 359 368 430 quisquis
379 378 439 414 eam
451 364 619 429 provinciam
631 356 808 430 claustraque
819 369 913 415 terrae
924 379 958 415 ac

146 435 244 496 maris,
265 434 389 500 quamvis
404 432 458 483 levi
468 432 606 499 praesidio
618 432 762 483 adversum
773 434 901 501 ingentes
911 448 958 485 ex·

146 504 263 565 orcitus,
274 502 438 560 insedisset,
721 522 723 525 ’
913 549 915 555 .

188 570 258 633 lix.
279 570 335 622 Sed
345 571 540 633 Germanicus,
558 570 848 638 nondumeomperto,
864 571 955 638 profe·

146 641 267 692 ctionem
277 655 339 692 eam
349 642 485 702 incusari,
503 640 568 691 Nilo
579 638 797 703 subvehebatur,
817 647 957 707 orsus'op·

144 710 212 777 pido
221 724 239 759 a
248 711 369 775 Canopo.
406 710 562 777 Condidere
572 710 600 759 id
611 708 755 776 Spartani,
766 710 801 761 ob
811 711 953 777 sepultum

108 800 115 806 „
144 776 206 829 illic
220 781 460 841 rectorem-navis,
480 780 636 845 Canopum,
657 795 711 845 qua
721 785 886 846 tempestate
896 780 957 833 Me·

81 863 84 870 ⁴
144 848 260 911 nclaus,
279 847 433 899 Graeciam*
444 854 586 914 repetens,
606 848 744 900 diversum
759 849 795 899 ad
809 864 885 901 mare
899 855 956 901 ter·

144 932 261 984 remque
270 916 389 983 Libyam
397 918 533 970 deiectus.
569 918 636 969 lnde
646 919 803 984 proximum
814 922 903 969 amnis
914 934 955 979 os,

145 987 268 1037 dicatum
278 987 406 1048 Herculi,
426 1003 508 1053 quem
519 986 666 1054 indigenae
677 994 768 1038 ortum
779 988 852 1054 apud
862 1004 905 1050 se,
926 993 956 1039 et

146 1057 370 1123 antiquissimum
389 1057 549 1122 perhibent,
569 1071 683 1123 eosque,
708 1059 755 1124 qui
778 1063 875 1122 postea
893 1057 955 1123 pari

85 1134 89 1137 ’
144 1126 249 1176 virtute
263 1124 380 1186 fuerint,
400 1127 428 1176 in
438 1132 654 1192 cognomentum
665 1128 724 1177 eius
735 1126 867 1178 adscitos:
889 1140 956 1188 mox

144 1196 210 1244 risit
227 1193 523 1245 veterum'l'helrarum
542 1210 643 1262 magna
661 1198 786 1263 uestigia.
814 1201 843 1247 et
861 1210 954 1246 mane-

99 1302 100 1305 ,
144 1264 214 1314 bant
231 1264 345 1314 structis
364 1263 484 1315 molibus
503 1263 616 1315 litterae
636 1266 803 1333 Aegyptiae,
831 1266 955 1331 priorem

145 1332 318 1399 opulentiam
329 1331 501 1399 complexae:
516 1334 662 1401 iussusque
673 1350 687 1386 c
698 1336 855 1387 senioribus
865 1348 957 1385 sacer·

101 1404 105 1410 ’
145 1402 244 1453 dotum
269 1403 388 1469 patrium
408 1417 565 1453 sermonem
584 1405 775 1469 interpretari,
804 1402 956 1465 referebat,

145 1470 282 1525 lectitasse
298 1472 429 1538 quondam
443 1470 620 1542 septingenta.
626 1472 712 1525 attilia
722 1480 813 1526 aetate
823 1471 941 1525 militari
946 1491 957 1523 .-

128 1582 135 1610 9
145 1552 228 1609 atque
239 1560 269 1594 eo
280 1559 340 1594 curn
350 1541 473 1595 exercitu
482 1541 585 1611 Regem
594 1540 730 1603 thantsen
740 1541 842 1611 Libya,
861 1541 958 1594 Aetli.

64 1631 69 1639 ⁸
145 1613 221 1680 opio,
233 1612 374 1679 Medisque
386 1620 415 1663 et
424 1611 519 1664 Persis
534 1619 561 1662 et
569 1609 721 1663 Bactriano
731 1628 763 1663 oc
775 1609 875 1681 Scytha
881 1611 958 1678 poti-

145 1691 223 1740 tum;
254 1697 372 1746 quasque
396 1689 487 1732 terras
506 1679 571 1748 Syri
588 1680 761 1747 Armeniique
785 1690 813 1734 et
827 1679 959 1750 coauget

94 1750 97 1755 ’
149 1749 319 1815 Cappadoces
333 1752 438 1811 collant,
456 1749 518 1802 inde
531 1747 693 1820 Bitltynum,
713 1750 775 1802 dinc
789 1749 903 1820 Lycium
919 1751 959 1801 od

144 1817 345 1886 ararennperio
356 1818 480 1869 tenuisse.
499 1819 665 1885 legebantur
675 1825 704 1871 et
713 1820 816 1871 indicta
824 1820 956 1886 gentibus

143 1888 264 1951 tributa,
281 1887 390 1954 pondus
406 1889 514 1958 argenti
528 1894 557 1939 et
570 1890 644 1952 auri,
664 1905 796 1941 numerus
811 1904 955 1956 anulorum

145 1972 351 2025 equorumque,
371 1963 400 2008 et
415 1957 488 2008 dona
502 1957 626 2024 templis,
647 1959 730 2021 ebur,
749 1961 832 2025 atque
843 1957 956 2022 odores,

101 2056 113 2071 ι
145 2042 269 2094 quasque
279 2028 373 2093 copias
385 2025 517 2078 frumenti
529 2033 557 2079 et
567 2028 688 2079 omnium
700 2029 859 2079 utensilium
870 2042 956 2095 quae-

145 2111 199 2164 que
219 2098 295 2147 natio
315 2096 462 2162 penderet,
487 2095 562 2148 haud
580 2095 671 2147 minus
690 2099 850 2164 magnilica,
870 2111 956 2163 quam

144 2180 218 2216 nunc
227 2168 254 2214 vi
265 2164 432 2220 Parthorum
443 2171 492 2216 aut
503 2167 626 2232 potentia
637 2167 761 2217 Romana
771 2167 911 2218 iubentur.

118 2267 121 2273 ·
190 2235 269 2286 lixi.
288 2235 416 2293 Ceterum
428 2236 610 2287 Germanicus
630 2235 692 2287 allis
712 2251 821 2303 quoque
837 2237 955 2287 miracu-

78 2303 82 2310 “
144 2303 179 2353 lis
193 2304 314 2355 intendit
327 2306 467 2371 animum„
478 2319 596 2371 qnorum
614 2306 760 2371 praecipua
775 2305 854 2356 luere
864 2305 955 2356 Mem·

144 2375 224 2422 nonis
234 2388 318 2424 saxea
328 2375 446 2438 effigies,
460 2374 507 2424 ubi
520 2371 604 2424 radiis
614 2374 681 2424 solis
692 2376 748 2426 icta
758 2380 812 2435 est,
827 2374 955 2428 vocalem

132 2439 242 2493 'sonum
253 2441 383 2493 reddens:
404 2442 589 2509 disiectasque
599 2445 672 2493 inter
682 2449 711 2494 et
720 2445 766 2494 vix
776 2445 884 2512 pervias
894 2459 954 2494 are·

143 2526 206 2573 nas,
225 2513 314 2561 instar
327 2511 463 2562 montium
479 2511 594 2561 eductae
606 2507 780 2575 Pyramides,
801 2514 956 2564 certamine

143 2586 173 2630 et
183 2581 279 2645 opibus
290 2581 406 2646 Regum:
417 2579 548 2645 lacusque
560 2577 659 2630 effossa
669 2579 765 2632 humo:
781 2581 954 2647 superfluen-

145 2649 436 2716 tisNilireoeptacula:
447 2651 530 2716 atque
541 2647 607 2700 alibi
617 2651 762 2718 angustiae
773 2655 801 2704 et
811 2651 955 2718 profunda

71 2896 205 2956 *r
