2034 3025
34 407 37 416 ¹
130 349 225 401 mittit.

131 106 183 161 lot
249 104 476 159 ANNALIVM
499 107 543 173 [A.
553 108 586 159 V.
597 112 656 174 773«
675 106 706 157 in
719 106 749 156 C.
761 106 824 187 ²⁰‘],

130 212 280 273 miliarium-
292 209 437 272 adhibitis,
455 211 546 260 minas
561 211 748 261 accusantium
759 215 788 260 et
798 209 862 261 hino
871 224 933 278 pre-

130 296 176 332 ces
199 279 289 343 audit,
318 280 513 346 integramque
538 292 664 330 caussam
682 278 717 330 ad
738 277 872 331 Senatum
890 294 933 333 re·

181 415 229 469 x1.
240 418 327 482 Atque
337 416 447 468 interim
458 416 578 479 Drusus,
587 377 699 467 rediens
708 414 831 482 Illyrico,
841 431 935 483 quam-

130 502 212 555 quam
223 486 320 537 Patres
331 486 516 549 censuissent,
535 484 566 537 ab
582 494 719 553 receptum
729 482 934 549 Maroboduum,

39 600 44 607 .
131 564 159 607 et
172 570 214 607 res
230 552 324 622 priore
340 562 444 605 aestate
457 563 564 622 gestas,
579 563 611 606 ut
621 553 809 617 enuntiabat,
823 555 934 621 prolato

88 639 92 644 ·
130 622 250 686 honore,
269 618 371 675 urbcm'
385 624 506 674 intrarit.
540 624 609 682 Post
619 639 689 691 quae
700 638 764 686 reo,
782 622 816 673 L.
828 622 935 676 Arrun·

131 692 208 757 tium,
221 690 253 744 Τ.
265 689 408 755 Vinicium,
417 690 542 744 Asinium
550 694 666 756 Gallum,
675 690 852 744 Aeserninum
858 690 941 759 Mar·¹

120 764 240 824 vceliam,
261 758 489 828 SemPampeium
504 770 636 828 patronas
658 762 774 828 petenti,
794 762 884 828 iisque
896 762 934 813 di·

134 845 213 883 versa
224 829 426 893 excusantibus,
446 830 486 881 Μ.
496 830 619 896 Lepidus
631 836 659 882 et
669 830 700 880 L.
713 830 775 881 Piso
787 835 816 881 et
826 830 934 881 Livine-
950 846 951 851 ¹

133 900 176 949 ius
187 898 309 965 Regulus
319 897 444 962 adsuere,
463 898 577 951 adrecta
592 903 667 950 omni
678 900 809 961 civitate,
829 896 935 964 quanta

132 966 198 1025 tides
207 966 301 1019 amieis
314 966 478 1031 Germanici,
492 983 562 1033 qaae
569 963 676 1037 fiducia
687 983 748 1019 rea.-
767 966 848 1019 satin’
864 965 935 1019 cebi-

112 1065 117 1076 κ
132 1034 206 1088 beret
215 1050 248 1086 ac
256 1040 390 1101 premeret
399 1052 490 1088 sensus
499 1052 561 1087 suos
575 1035 708 1088 Tiberius.
735 1037 769 1086 iis
780 1035 853 1087 haud
864 1037 935 1087 alias

132 1106 266 1156 intentior
275 1104 401 1171 populus,
413 1105 537 1174 plussibi
549 1107 577 1155 in
588 1105 742 1173 Principem
752 1105 876 1157 occultae
886 1119 934 1157 vo·

31 1211 38 1217 .
133 1176 172 1225 cis
183 1179 232 1224 aut
240 1174 389 1238 suspicacis
399 1175 501 1225 silentii
512 1176 646 1241 permisit.

184 1240 247 1293 ΧΠ.
266 1241 321 1293 Die
332 1241 449 1294 Senatus
461 1244 564 1295 Caesar
578 1243 733 1295 orationem
744 1240 842 1294 habirit
850 1242 935 1294 medi·
966 1252 969 1257 ’

133 1315 192 1377 tato
201 1317 434 1376 temperamento:
453 1312 552 1364 Patris
566 1313 609 1364 sui
622 1310 754 1381 Legatum
774 1321 855 1379 atque
870 1311 936 1363 arui·

133 1395 191 1432 cum
201 1379 327 1432 Pisonem
335 1380 438 1452 fuisse,
458 1382 659 1449 adiutoremque
673 1380 936 1434 Germanico'daturn

133 1465 150 1500 a
166 1464 202 1514 re,
222 1458 333 1501 auctare
355 1448 467 1514 Senatu,
486 1450 565 1503 rebus
584 1452 658 1519 apud
666 1446 804 1501 Orientem
823 1447 937 1503 admini-

132 1519 262 1572 strandis.
280 1519 517 1572 illiccenturuacia
533 1528 560 1572 et
574 1519 765 1573 certaminibus
783 1526 937 1586 asperasset

132 1587 261 1651 iuvenem,
282 1588 408 1658 exituque
428 1589 485 1641 eius
500 1591 619 1641 laetatus
633 1598 712 1653 esset,
729 1604 766 1642 an
779 1589 877 1640 sceiere
890 1605 937 1642 ea·

134 1656 289 1720 stinxisset,
308 1657 425 1726 integris
445 1657 543 1710 animis
563 1657 771 1710 diiudicandum.
808 1655 891 1721 Nam,
911 1655 937 1710 ti

135 1725 256 1794 Legatos
267 1723 354 1790 efficii
363 1725 498 1787 terminas,
508 1725 937 1795 obsequiumerga[reparatorem

134 1793 219 1856 eruit,
239 1790 406 1861 eiusdemque
425 1803 512 1846 morte
531 1803 558 1846 et
577 1797 651 1848 luctu
671 1810 727 1847 meo
743 1797 862 1846 laetatur
878 1803 936 1854 est‚·

134 1863 222 1924 adero,
233 1876 407 1927 amarumque
417 1879 434 1914 a
444 1863 520 1914 doma
529 1879 597 1930 mea,
607 1873 635 1915 et
643 1863 768 1931 priuatas
777 1862 938 1915 inimicitias

135 1947 188 1983 non
197 1931 224 1982 ai
233 1929 374 1999 Principis
384 1931 517 1984 ulciscar.-
536 1931 706 2008 sinfaainus,
719 1933 748 1985 in
757 1933 938 1998 cuiuscunque

135 1999 290 2051 mortalium
300 2016 363 2052 nece
376 2001 580 2066 vindicandum,
601 2003 755 2072 detegitur‚·
774 2018 819 2053 ees
833 2017 895 2053 nero
911 2009 939 2052 et

135 2066 233 2120 Mnus
246 2069 408 2132 Germanici,
423 2078 451 2122 et
460 2087 508 2124 nas
515 2081 654 2139 parentes,
664 2069 745 2124 iustis
755 2069 861 2122 solatiis
871 2068 939 2138 adfi-

68 2173 72 2177 -
135 2137 197 2189 cite.
215 2135 348 2207 siruuique
358 2138 427 2190 iliud
435 2149 571 2212 reputate,
591 2141 696 2194 turbide
707 2149 735 2193 et
744 2140 869 2192 seditiose
881 2148 938 2190 tra-

84 2256 86 2263 ,
134 2205 400 2280 ιταυενίιιικονοίεκσ
410 2207 477 2261 Pisa
483 2226 495 2270 ,·
510 2209 636 2275 quaesita
644 2207 701 2262 sint
706 2225 757 2276 per
767 2207 940 2261 ambitionem

135 2274 229 2326 studia
242 2275 377 2338 militurn·
400 2276 484 2330 armis
499 2279 616 2346 repetita
630 2277 789 2346 pra1aincia5
808 2294 844 2329 an
859 2277 939 2349 feisa

137 2341 204 2395 brec
218 2343 249 2396 in
261 2345 349 2397 maius
363 2345 537 2416 armaverint
556 2356 741 2400 accusatores.-
762 2361 875 2414 quarum
889 2361 939 2416 ege
1002 2411 1005 2418 ι

136 2411 229 2465 nimiis
237 2415 334 2466 studiis
343 2415 404 2468 iure
413 2430 562 2468 succenseo.
598 2416 668 2468 Nam
679 2431 729 2483 que
736 2413 883 2484 pertinuit,
892 2431 949 2486 aar·

137 2480 203 2532 dare
212 2497 315 2550 cemus,
325 2492 354 2536 et
363 2484 585 2537 contrectandum
593 2483 670 2555 vulgi
680 2485 763 2538 acutis
769 2484 949 2554 permittere,

136 2547 388 2619 defferripueetiam
395 2569 446 2621 per
456 2561 590 2616 externas,
608 2552 941 2620 tanquamrenenointer-

134 2628 228 2687 septus
239 2631 317 2688 esset,
331 2621 356 2674 si
365 2622 472 2678 incerta
482 2619 569 2674 adbuc
578 2621 643 2688 ista,
663 2631 691 2675 et
700 2624 848 2680 scrutanda
858 2623 940 2678 rant!
