2034 3025
149 100 201 153 roa
234 98 536 154 ursuoamavu
553 76 555 80 ’
572 79 862 170 [l.v.ma.n.c.70.]'

146 178 967 271 Manlum-W

147 289 199 324 ntrs
209 273 388 335 Pannoniam,
401 272 542 340 Poppaeus
557 272 685 324 Silvanus
695 273 863 324 Dalmatiam
876 281 964 328 tene·

75 379 79 385 -
147 344 224 404 bant,
234 342 430 394 divitessenes.
454 341 508 393 Sed
520 341 690 393 Procurator
699 342 794 394 aderat
804 343 962 396 Cornelius

146 411 261 474 Fuscus,
271 413 365 479 rigens
374 415 477 472 aetate,
482 409 565 460 claris
576 411 722 462 natalibus.
757 414 846 478 prima
856 413 962 464 iuven·

38 479 40 483 ’
145 487 185 539 ta,
204 481 305 549 quietio
325 479 462 545 cupidine,
481 476 659 530 Senatorium
680 479 803 530 ordinem
822 485 957 532 exuerat.

146 550 221 602 idem
231 563 282 615 pro
292 547 381 600 Galba
392 548 455 598 Dux
465 546 590 600 coloniae
600 561 771 616 memetque
782 563 868 615 opera
883 549 958 600 Prn-

148 619 320 670 curatiouem
335 616 465 682 adeptus,
484 619 622 682 susceptis
637 618 799 682 Vespasiani
812 619 955 683 partibus,

147 689 310 740 acerrimam
323 685 398 737 bello
413 684 501 735 facem
518 685 660 751 praetulit:
682 699 733 735 non
747 691 804 736 tam
816 687 953 753 praemiis

147 755 347 823 periculorum,
366 768 450 820 quam
464 755 531 819 ipsis
542 754 673 818 periculis
683 753 782 804 aetum
803 769 851 821 pro
862 756 953 807 cartis

147 830 177 875 et
185 824 250 873 olim
262 822 350 888 partia
360 836 439 883 nova,
450 823 589 888 ambigua,
600 823 728 888 ancipitia
738 824 867 876 malebat.
896 826 909 875 l
930 825 952 874 i·

145 898 312 944 turmoverc
322 894 350 941 et
360 897 490 957 quatere,
506 891 640 958 quidquid
655 905 765 957 usquam
776 907 891 960 aegrum
907 839 929 943 f

146 965 199 1022 ret,
209 959 421 1026 adgrediuntur.
457 957 584 1026 scriptae
598 962 626 1011 in
637 961 804 1012 Britanniam
819 962 855 1013 ad
866 976 952 1029 quar-

147 1029 345 1090 tadecimanos,
365 1029 567 1095 inlliepaniam
589 1029 779 1096 adprimanos
799 1030 950 1097 epistolaer

148 1097 223 1166 quod
231 1102 352 1164 utraque
361 1097 435 1166 legio
444 1112 495 1162 pro
505 1096 628 1161 Othone,
643 1099 753 1150 adversa
761 1095 876 1151 Vitellio
889 1099 952 1151 fue·

147 1173 202 1218 rat.
236 1173 408 1232 sparguntur
422 1182 473 1234 per
488 1166 594 1218 Gallias
612 1168 730 1234 litterae:
750 1173 952 1236 momentoque

147 1235 280 1302 temporis
291 1234 428 1301 flagrabat
442 1236 539 1301 ingens
553 1235 667 1288 bellum.
681 1233 801 1298 lllyricis
816 1238 952 1287 exerciti·

146 1304 199 1358 bus
207 1304 301 1371 palam
311 1303 536 1366 desciscentibus,
542 1306 642 1356 ceteris
654 1303 787 1354 ortonam
796 1307 951 1358 secuturis.

200 1373 367 1427 mxxxvii.
395 1374 468 1425 Dum
479 1372 547 1424 haec
559 1389 608 1440 per
618 1372 764 1440 provincias
774 1387 791 1422 a
799 1373 950 1440 Vespasia·

149 1460 186 1494 no
198 1444 379 1519 Ducibuspue
391 1446 510 1509 partium
527 1450 665 1510 geruum,
682 1439 813 1492 Vitellius
825 1448 948 1495 contem·

149 1516 226 1581 ptior
234 1516 264 1565 in
273 1515 332 1565 dies
343 1516 522 1581 segniorque,
538 1514 573 1565 ad
584 1513 665 1565 omi-is
675 1512 886 1578 municipiorum
897 1510 948 1563 vil·

70 1595 74 1601 ·
149 1582 295 1650 lacumque
305 1585 488 1635 amoenitates
497 1584 628 1635 resistens
644 1582 719 1648 gravi
729 1583 826 1635 urbem
837 1582 946 1649 agmine

149 1653 272 1719 petebat.
309 1650 462 1719 Sexaginta
474 1653 562 1702 millla
576 1656 738 1704 amatorum
749 1652 946 1719 sequebantur,

149 1720 266 1771 licentia
280 1727 429 1786 conrupta:
448 1720 577 1771 calonum
594 1732 716 1771 numerus
730 1720 863 1785 amplior:
882 1733 944 1785 pto·

150 1788 301 1856 cacimimis
317 1790 401 1839 etiam
419 1790 494 1841 inter
507 1804 598 1840 servor
615 1785 733 1837 lixarum
749 1788 881 1854 ingeniis:
900 1792 946 1839 tot

149 1858 320 1922 legatorum
331 1859 537 1925 amicorumque
548 1856 695 1919 conitatm,
714 1853 844 1908 inhabilis
853 1857 888 1908 ad
899 1871 945 1922 pa·

148 1924 277 1987 rendmri,
287 1927 371 1976 etiam
381 1927 405 1976 oi
416 1941 524 1977 sunrma
534 1922 661 1978 nrrdcstia
669 1922 824 1990 regeretur.
843 1928 945 1978 Onera·

150 1992 217 2043 baut
226 1992 432 2046 multitudinem
447 1996 522 2047 obvii
537 2010 563 2047 ex
578 1992 645 2042 urbe
659 1989 808 2046 Senatores
818 1996 944 2062 Equites·

150 2076 216 2128 quet
236 2060 348 2126 quidam
358 2069 443 2125 metu,
457 2064 590 2125 multipcr
599 2060 796 2125 adulationem,
816 2064 900 2117 ceteri
910 2077 943 2115 ac

150 2128 296 2197 paullatim
307 2143 413 2193 omnes,
423 2147 468 2194 ne,
477 2133 534 2183 aliia
541 2130 785 2193 proficiscentibus,
796 2134 848 2200 ipsi
858 2147 943 2184 rema·

151 2203 259 2249 nerent
293 2197 540 2266 adgregabantme
552 2197 641 2263 plebe,
660 2197 798 2266 flagitiosa
807 2216 857 2276 per
866 2202 943 2253 obse·

152 2269 219 2334 quia
236 2266 351 2319 Vitellio
369 2271 485 2335 cogniti,
496 2278 619 2329 scurrae,
639 2266 801 2333 histriones,
822 2270 943 2337 aurigae,

152 2338 251 2404 quibus
260 2336 310 2389 ilie
318 2337 490 2392 amicitiai-no
501 2332 755 2391 dehonestamentis
765 2341 833 2390 mire
843 2339 943 2407 gaude·

153 2409 208 2461 bat
244 2404 301 2458 Nee
319 2406 444 2458 coloniae
464 2401 545 2464 nodo,
564 2410 613 2455 out
634 2408 791 2473 municipia,
811 2402 940 2476 congestu

153 2476 303 2544 copiarum,
312 2476 363 2533 aed
372 2476 424 2542 ipsi
435 2466 545 2527 ultores
556 2486 687 2540 arvaque,
698 2478 813 2529 maturis
822 2478 877 2528 iam
889 2477 941 2549 lrp‘·

152 2545 242 2613 mbae,
253 2552 285 2596 nt
295 2542 396 2597 hostile
408 2540 687 2612 soumtastabantnr.

204 2613 381 2670 Lxxxvul.
417 2604 512 2659 duitas
529 2612 556 2657 ct
571 2612 681 2664 atroces
696 2613 941 2691 inter‘semilitum
