2034 3025
50 86 56 99 1
132 128 786 203 Liar.cnP.⁷3.⁷t.[A.v.7ssaalt.]
830 136 904 211 45,

63 256 117 311 quc
133 239 268 291 inlustres
280 238 444 305 procacibus
459 228 568 303 sc‘riptis
585 238 784 293 diffamaverat.
800 254 867 294 mox

62 310 206 373 biberius,
222 308 396 359 consultante
407 306 539 373 Pompeio
548 306 659 370 Macro,
677 307 868 371 Praetorem

60 377 166 431 iudicia
181 376 333 429 maiestatis
343 376 537 427 redderentur?
555 376 716 441 exercendas
725 379 869 445 legerense,

60 447 215 514 respondit.
250 446 333 496 Hunc
343 458 454 511 quoque
464 459 628 511 asperavere
637 447 772 508 earmina,
782 447 868 498 incer·

60 516 96 567 tis
117 516 279 567 auctoribus
298 514 425 581 vulgata,
445 516 474 565 iu
494 516 637 566 saevitiam
652 515 868 583 superbiamque

49 586 122 639 'eius
133 590 164 635 et
174 585 330 636 discordem
342 598 403 635 cum
414 588 503 635 matre
514 586 650 635 anianum.
761 621 766 629 .

114 650 243 705 Lxxru.
261 653 344 706 Haud
359 653 467 720 pigebit
478 652 585 705 referre
599 655 629 703 in
644 652 760 705 Falanio
776 649 806 706 e't
815 652 869 705 aa·

60 722 133 787 ario,
153 722 269 773 modicis
280 723 416 791 equitibus
426 722 571 785 Romanis,
592 728 768 789 praetentata
778 724 869 781 crimi-

61 806 111 845 aa:
131 796 175 854 ut,
197 793 296 859 quibus
311 793 406 855 initiis,
425 795 530 860 quanta
540 792 647 844 Tiberii
662 798 730 856 arte,
740 794 868 861 gravissi

59 876 139 915 mum
151 859 269 915 exitium
280 862 437 929 inrepserit,
457 861 520 913 dein
531 871 687 929 repressum
698 864 744 926 sit,
763 868 869 929 postre-

58 946 108 984 mo
120 932 232 994 arserit,
244 936 396 1001 cunctaque
406 932 589 995 corripuerit,
594 935 734 983 noscatur.
752 931 870 983 Falanio

59 1000 214 1053 obiiciebat
224 1006 379 1064 accusator,
390 999 461 1067 quod
469 998 671 1053 interemtores
682 998 722 1062 A,
747 1002 811 1064 tuti,
822 999 871 1069 psi

58 1086 111 1139 per
121 1085 212 1121 omues
224 1069 320 1132 domos,
340 1068 370 1122 in
380 1068 485 1119 medum
495 1069 678 1138 collegiorum,
693 1068 729 1121 isa
747 1068 871 1132 eduntur,

63 1138 189 1191 Cassium
199 1138 339 1207 quendam,
353 1137 462 1191 inimum
473 1154 584 1205 corpore
593 1138 731 1211 infamem,
746 1138 873 1191 adscivis-

59 1216 118 1261 set:
137 1208 267 1276 quodque,
285 1206 401 1259 uenditis
415 1204 513 1269 hortis,
532 1217 654 1260 statuum
663 1207 785 1277 Augusti
792 1208 873 1259 simsd
941 1209 944 1215 '

59 1275 253 1345 mancipasset.
277 1276 382 1329 Rubrio
393 1278 502 1328 crimini
514 1276 633 1332 dabatur
641 1276 771 1329 sulatum
777 1277 872 1345 periu-

59 1346 105 1399 rio
114 1362 214 1399 ssumen
223 1344 352 1417 Augusti.
388 1347 466 1409 Quae
475 1346 526 1399 ¹ubi
535 1346 650 1398 Tiberio
661 1352 787 1408 notucre,
807 1347 895 1397 scri·.

59 1418 119 1485 psit
130 1414 311 1482 Consulibus:
330 1431 384 1467 non
397 1414 457 1467 ideo
466 1415 602 1466 demetam
615 1414 694 1482 petri
702 1430 749 1466 sue
760 1416 873 1477 caelum,

58 1492 94 1539 ut
109 1484 142 1538 in
152 1481 301 1552 perniciem
311 1483 409 1538 cisium
418 1484 443 1537 is
453 1482 538 1536 donor
548 1492 710 1537 verteretur.
749 1481 874 1536 Cassium

56 1553 223 1608 histrionem
233 1553 349 1618 solitum,
361 1553 438 1618 inter¹
447 1553 516 1606 alios
528 1553 643 1606 eiusdem
653 1551 734 1613 artis,
743 1551 874 1604 interme

58 1625 143 1688 ludis,
159 1638 226 1691 quos
235 1631 324 1675 mater
333 1637 383 1674 sua
392 1622 423 1676 in
433 1622 589 1676 memorium
599 1621 721 1703 Augusti
731 1631 874 1676 sacrasset.

59 1692 119 1750 Nee
129 1701 228 1746 contre
239 1691 383 1760 religiones
392 1691 471 1762 ficri,
490 1693 562 1760 qued
570 1690 675 1761 effigies
687 1690 754 1755 eius,
774 1699 806 1743 ut
816 1690 874 1744 sliu

59 1763 202 1817 numinum
221 1761 382 1823 simulacre,
405 1761 603 1814 venditionibus
623 1760 763 1814 hortorum
782 1769 811 1813 et
829 1761 874 1813 do·

59 1847 153 1885 muum
164 1831 305 1884 accedunt.
341 1829 536 1882 Iusiurandum
543 1831 656 1896 perinde
666 1831 873 1894 aestimandum,

60 1917 143 1971 punire
154 1900 178 1952 si
188 1899 454 2020 iosenfisefeuinete
472 1899 581 1951 deorum
590 1898 708 1951 iniurius
718 1899 771 1951 diis
781 1915 872 1952 curus.

114 1969 245 2022 LXXIV.
292 1983 324 2020 ec
343 1969 433 2020 multo
453 1975 526 2034 pest,
547 1968 682 2020 Granium
698 1969 873 2033 Marcellum,

61 2039 229 2094 Praetorem
244 2035 403 2104 Bithyniae,
423 2038 563 2103 Quaestor
581 2039 679 2104 ipsius,
700 2039 801 2106 Caepio
814 2040 873 2090 Gri-

63 2111 170 2176 spinus‚
192 2107 348 2159 maiestatis
367 2107 530 2173 postularit,
548 2107 737 2160 subscribente
747 2107 873 2160 Romano

62 2179 206 2246 Hispone:
227 2178 275 2245 qui
286 2175 405 2226 formam
416 2177 489 2228 vitae
499 2179 575 2239 iniit,
594 2191 676 2245 quam
690 2181 787 2243 postea
803 2178 874 2230 celc-

63 2247 143 2301 brem
154 2246 286 2298 miseriae
297 2249 454 2311 temporum
466 2250 495 2297 et
504 2247 640 2298 audaciae
649 2245 790 2298 bominum
801 2245 874 2299 fece·

63 2321 139 2368 runt.
151 2329 217 2378 nam
229 2330 244 2366 e
265 2329 323 2375 ens,
333 2315 453 2382 ignotus,
463 2316 581 2383 inquies,
592 2316 657 2366 dum
668 2316 785 2368 occultis
795 2315 874 2369 libel-

61 2384 96 2438 lls
104 2385 242 2437 saevitiae
277 2384 388 2449 rincipis
399 2383 520 2450 adrepit,
534 2399 599 2436 mox
609 2383 762 2436 clarissimo
773 2387 873 2454 cuique

62 2454 220 2522 periculum
240 2451 373 2514 facessit,
392 2455 546 2520 potentiam
566 2453 639 2520 apud
658 2469 758 2516 unum,
778 2455 874 2506 odium
946 2501 949 2506 .

64 2524 136 2591 apud
148 2536 246 2603 omnes
257 2521 383 2604 adeptus,
402 2521 479 2574 dedis
498 2523 667 2589 exemplum,
687 2522 760 2588 qaod
775 2519 874 2598 sumti,

64 2587 876 2728 titibutziem,ruitensibusaar:
936 2598 941 2605 ’
