2034 3025
140 139 196 194 ara
237 127 856 214 nrsronrnnv'nr[mannans

141 243 517 312 queeadeniingerebantun
552 243 712 293 Consistunt
720 257 770 308 per
779 241 907 295 cohortes
915 231 948 294 ct*

141 311 309 378 manipulos:
327 327 415 378 neque
427 311 498 361 enirn
509 316 622 376 poterat
631 316 774 377 patescere
784 312 868 374 acics,
879 310 945 364 eiiu·¹

142 379 272 441 sebaste,
292 384 320 430 et
329 378 534 445 inpedientibus
547 382 674 430 tentoriis
683 380 863 446 sarcinisque,
883 391 956 432 cum·

141 451 217 500 intra
230 449 333 500 vailurn
349 453 529 516 pugnaretur.
563 448 655 498 Tutor
670 453 699 498 et
708 447 848 498 Classicus
863 454 892 499 ct
902 450 943 500 ei-

142 518 212 580 vilis‚
223 519 279 568 suis
291 518 405 585 quisque
415 516 494 578 locis,
504 529 625 582 pugnarn
643 516 765 567 ciebant:
786 515 885 567 Gallos
892 534 943 584 pro

36 599 38 606 ’
141 585 277 649 libertate,
294 587 413 637 Batavos
421 599 472 651 pro
479 583 583 652 gloria,
601 583 754 635 Germanos
768 583 943 652 adpraedam

140 653 315 722 instigantes.
350 655 386 708 Et
405 657 505 706 cuncta
520 667 572 718 pro
586 649 711 703 hostibus
729 657 818 703 erant.
854 654 943 708 doneo

140 721 215 789 legio
228 724 450 783 unaetvicesima,
468 721 635 788 patentiore,
654 735 735 789 quarn
746 726 865 784 ceterae,
883 737 942 787 spa.

140 792 181 841 tio
196 791 368 857 conglobata,
386 791 518 840 sustinuit
531 795 655 852 ruentes3
674 800 739 839 nrox
752 788 862 854 inpulit
886 791 954 842 Nec'

140 859 200 909 sine
211 873 263 922 ope
274 857 383 918 Divina,
400 860 516 908 mutatis
525 858 750 923 repenteanirnis,
769 863 849 924 terga
858 859 943 909 victo·

137 936 187 978 res
197 932 313 978 vertere.
349 927 413 992 ipsi,
427 925 541 976 territos
551 941 581 974 sn
590 923 744 975 cohortium
753 925 895 990 adspectu,
906 927 945 978 fe-

139 995 251 1057 rebant,
270 995 544 1062 quaaprimoinpctu
558 993 703 1056 disiectae,
721 995 943 1045 summisrursus

139 1063 212 1130 iugis
225 1065 477 1132 congregabantur,
500 1077 534 1113 ac
547 1065 664 1128 speciem
683 1064 745 1112 novi
760 1062 858 1112 auxilii
874 1062 944 1116 fece·

100 1146 101 1150 ’
139 1135 212 1182 rant
248 1131 303 1184 Sed
322 1131 431 1182 obstitit
449 1131 623 1198 vincentibus
641 1145 754 1197 pravum
774 1131 848 1181 inter
868 1134 944 1196 ipsos

140 1204 290 1263 certamen,
308 1199 388 1251 hoste
398 1199 509 1260 omisso,
528 1199 619 1264 spolia
628 1198 814 1250 consectandi.
850 1199 944 1251 cena-

139 1266 184 1330 iis‚
194 1273 226 1318 ut
239 1270 347 1321 incuria
356 1282 441 1335 prope
451 1283 509 1318 reni
522 1266 639 1328 adflixit,
648 1269 688 1319 ita
697 1267 855 1319 constantia
864 1269 946 1318 resti·

139 1337 209 1388 tuit:
238 1343 402 1404 secutusque
423 1336 576 1400 fortunam,
594 1340 688 1388 castra
705 1333 826 1388 hostium
844 1337 946 1392 eodem

48 1432 51 1438 ·
95 1409 97 1416 ’
140 1405 185 1458 die
196 1406 506 1474 capitexscinditque..

191 1473 317 1529 Lxxrx.
352 1475 411 1529 Nec
425 1475 453 1526 in
467 1473 581 1544 longum
597 1473 673 1543 quies
687 1472 770 1526 militi
780 1472 855 1527 data.
874 1433 946 1529 ora·

139 1542 350 1597 bantauxiiinm
362 1546 585 1613 Agrippinensem·
608 1543 947 1611 offerebantqueuxorem

63 1620 78 1627 ·
139 1626 313 1666 accaronem
329 1614 423 1675 Cir-iiis
438 1614 564 1664 attiliani
580 1612 705 1673 Classici,
723 1614 822 1665 relicta
836 1616 893 1665 sihi
906 1615 951 1679 pi·.

138 1694 228 1746 gnara
242 1684 392 1735 societatis.
426 1683 517 1749 Atque
531 1682 642 1733 interim
657 1682 797 1747 dispersos
812 1683 840 1731 in
858 1681 949 1733 dorni·

137 1749 189 1801 hus
200 1749 354 1806 Germanos
364 1751 578 1803 trucidaverant.
612 1750 695 1802 Vnde
705 1756 796 1803 metus
811 1756 841 1801 et
851 1753 950 1806 iustae

139 1830 238 1885 preces
252 1822 450 1883 invocantium,
468 1826 616 1887 antequam
630 1817 733 1882 hostes,
751 1822 892 1885 reparatis
907 1822 949 1872 vi·
1016 1820 1017 1825 ’

137 1886 226 1950 ribus,
241 1888 277 1940 ad
288 1904 363 1955 spem
374 1890 416 1942 vel
427 1889 462 1942 ad
472 1890 606 1955 ultionem
619 1889 836 1955 accingerentur.
860 1890 949 1941 Nam.

137 1968 191 2021 que
201 1960 230 2007 et
240 1956 333 2007 Civilis
343 1959 414 2010 iiiuc
421 1960 587 2019 intenderat,
598 1970 653 2007 non
663 1957 809 2021 invalidus,
822 1956 950 2027 flagran-

66 2024 70 2033 '
136 2024 247 2073 tissima
260 2024 412 2077 cohortium
430 2035 543 2077 suanisn
557 2027 679 2092 integra:
697 2040 768 2093 quae
778 2040 814 2078 ex
823 2025 951 2081 Chaucis

136 2088 291 2157 Frisiisque
310 2092 476 2159 composita,
493 2096 633 2157 'l'olbiaci,
651 2096 680 2145 in
698 2096 800 2145 h'nihus
818 2098 952 2163 Agrippi-

32 2178 34 2187 κ
110 2210 114 2215 ,
137 2160 272 2223 nensiurn,
289 2161 397 2227 agebat.
432 2160 486 2213 Sed
506 2165 596 2214 tristis
614 2164 727 2214 nuntias
747 2164 860 2227 ararat,
878 2164 954 2218 dele·

138 2234 196 2282 tam
205 2228 340 2281 cohortem
354 2230 411 2281 dolo
426 2228 681 2299 Agrippinensium:
699 2233 745 2299 qui
758 2232 843 2301 largis
854 2234 954 2300 epuiis

138 2298 256 2365 uinoque
271 2298 376 2363 sopitos
391 2299 555 2363 Germanos,
576 2301 676 2351 clausis
690 2299 806 2365 foribus,
822 2304 889 2368 igne
906 2304 953 2354 in-

136 2364 227 2425 iecto,
247 2380 411 2417 cremavere.
448 2366 537 2417 Simul
556 2369 673 2421 Cerialis
693 2383 811 2436 propero
830 2374 953 2437 agmine

137 2431 273 2483 subvenit.
309 2434 537 2485 circumsteterat
547 2437 661 2489 Civilem
671 2443 700 2490 et
709 2438 782 2488 alius
792 2444 893 2504 nictus,
911 2458 953 2493 ne

137 2499 346 2617 ffltadecima
354 2501 442 2569 legio,
462 2502 591 2553 adiuncta
600 2505 761 2556 Britannica
775 2506 878 2571 classe,
898 2511 955 2562 nd·

160 2564 167 2579 ⁸
215 2574 258 2618 ret
276 2568 407 2631 Batavos,
425 2583 480 2634 qua
499 2570 613 2621 Oceano
626 2574 793 2625 ambiuntur.
829 2574 886 2629 Sed
910 2580 955 2632 le·

191 2648 249 2686 rem
258 2637 385 2687 terrestri
396 2638 495 2687 itinere
505 2636 609 2689 Fabius
618 2640 738 2705 Priscus,
756 2634 896 2712 Legatus,
921 2651 956 2702 in
