2034 3025
126 117 374 174 slavicae.
396 121 436 174 ιο.
456 120 496 172 n.
516 101 795 195 [crassense]
833 125 883 181 ur

80 218 440 285 cupandaellcipubl.argui
451 232 506 267 non
517 225 655 283 poterant,
665 220 696 270 eb
707 223 833 275 lacrimas
841 227 885 283 jn.

80 287 264 340 crrsabantnr:
282 291 489 354 necataqueest
503 300 573 337 anm
583 285 673 350 Vitia,
685 289 756 340 runt
774 291 883 344 Gemini

79 363 189 418 mater,¹
202 355 275 422 quod
285 355 335 406 filii
351 371 446 406 necem
462 354 591 407 flevisset.
626 353 705 407 llaec
715 359 788 428 apud
799 359 882 411 Sena-

78 433 150 477 tum.
178 441 232 476 nec
245 439 324 475 secus
339 423 411 491 apud
424 425 578 490 Principem
590 425 766 480 Vescularius
776 429 884 481 Atticus

79 511 114 548 ac
128 493 217 545 lulius
228 494 352 544 Marinus
369 493 405 542 ad
419 499 538 546 mortem
552 500 686 562 aguntur,
708 509 725 544 e
737 497 885 547 vetustissi-

79 564 134 616 mis
144 562 322 614 familiarium
332 560 458 612 Rhodum
470 563 569 625 secuti,
590 568 618 614 et
632 563 705 628 apud
716 565 836 630 Capreas
845 567 885 615 in-

80 631 195 684 divium.
231 631 407 682 Vescularius
426 631 588 682 insidiarum
602 633 630 682 in
645 631 780 685 Libonem
800 634 885 686 inter·

80 703 210 754 nuntius:
226 702 338 752 Marino
348 700 487 766 participe,
499 699 615 752 Seianus
625 703 752 753 Curtium
762 704 885 755 Atticum

81 775 270 838 oppresserat
297 784 353 837 qno
367 769 468 820 laetius
482 776 639 835 acceptum,
653 785 705 823 sua
719 772 846 839 exempla
855 774 884 823 in

78 840 252 893 consultores
263 839 400 890 recidisse.
420 861 424 866 ·
757 884 761 907 ,
898 885 904 906 ,

140 909 196 961 Per
205 908 277 958 idern
289 914 398 974 tempus
409 905 512 959 lal’iso
518 907 654 973 Pontifex,
663 925 757 962 rarum
767 912 795 962 in
805 915 885 962 tanta

79 977 263 1040 claritudine,
288 977 346 1029 lato
365 977 446 1040 obiit3
476 978 581 1029 nullius
599 981 708 1031 servilis
728 982 884 1032 sentcntiae

81 1053 184 1114 sponte
191 1053 297 1110 auctor,
315 1051 351 1109 et,
372 1048 498 1114 quotiens
508 1051 660 1100 necessitas
668 1051 823 1116 ingrueret,
842 1063 883 1100 su·

80 1121 192 1184 pienter
201 1115 357 1168 moderans.
393 1115 504 1168 Patrem
521 1119 547 1169 ei
558 1119 719 1168 Censorium
732 1117 817 1168 luisse
827 1133 883 1170 me·
925 1131 933 1144 ·

46 1219 49 1222 -
81 1187 204 1238 moravi:
216 1191 293 1236 actas
303 1186 338 1236 ud
350 1187 549 1252 octogesimum
559 1201 660 1237 annum
671 1189 817 1254 processit:
838 1187 883 1237 de·

82 1271 131 1308 cns
147 1253 314 1320 triumphale
330 1257 358 1305 in
369 1253 490 1306 'l'bracia
498 1263 648 1306 meruerat.
676 1256 724 1306 sed
735 1258 883 1322 praecipua

84 1339 119 1376 ex
130 1341 162 1376 eo
171 1325 268 1392 gloria,
280 1323 520 1390 quodPrsalcctus
530 1325 592 1379 urbi
616 1341 712 1376 recens
723 1327 883 1376 continuam

83 1399 259 1462 potestatem,
277 1399 306 1445 et
324 1391 475 1444 insolentia
494 1388 610 1460 parendi
629 1396 794 1461 graviorem,
812 1393 883 1444 mire

83 1465 257 1533 temperarit.

142 1535 193 1587 Xle
209 1534 336 1606 Namque
345 1540 440 1597 antea,
459 1532 591 1602 profectis
605 1532 688 1583 domo
699 1532 831 1599 Regibus,
850 1545 885 1581 ac

81 1620 148 1657 mcx
166 1606 382 1671 magistratibus,
402 1620 437 1657 ne
451 1604 519 1655 urbs
538 1604 597 1654 sine
618 1602 734 1668 irnperio
754 1600 835 1661 soret,
854 1608 884 1648 r'n

80 1680 190 1741 tempus
201 1674 384 1741 deligebatur,
404 1679 450 1743 qui
465 1676 508 1724 ius
520 1671 661 1733 redderet,
681 1668 819 1721 accubitis
829 1682 884 1719 rne-
941 1661 943 1670 '

79 1745 205 1797 deretur.
229 1743 381 1812 ,feruntque
396 1746 430 1795 ab
444 1741 563 1795 Romulo
572 1741 707 1791 Dentrem
717 1736 884 1798 Romuliana,

78 1820 143 1882 post
153 1815 188 1865 ab
199 1813 283 1866 Tullo
295 1814 414 1865 Hostilio
426 1814 546 1867 Numam
556 1811 706 1871 Marcium,
726 1812 755 1858 et
769 1807 804 1858 ab
813 1807 883 1857 'Iar-
962 1799 970 1818 ‘

78 1886 176 1971 quinio
188 1882 312 1949 Superbo
324 1882 452 1949 Spurium
469 1880 629 1933 Lucretium
647 1878 789 1943 inpositos.
816 1876 882 1927 dein

7 1954 11 1959 '
77 1946 882 2018 bomulesmandabant:duratqnesimulacrum,quotiens

5 2641 11 2695 l

8 2711 14 2757 l

78 2022 114 2075 ob
133 2022 217 2073 serias
228 2022 342 2073 Latinas
362 2024 536 2087 praeficitur,
555 2020 601 2084 qui
615 2015 766 2068 consulare
780 2019 880 2065 munus

3 2100 7 2105 “
76 2097 202 2159 usurpet.
240 2093 371 2143 Ceterum
381 2092 521 2157 Augustus
535 2087 616 2137 bellis
630 2085 753 2136 civilibus
763 2084 883 2134 Cilnium

75 2161 278 2226 Maecenatem,
288 2161 434 2227 Equestris
445 2157 557 2219 ordinis,
568 2156 674 2207 cunctis
683 2152 757 2220 apud
766 2152 884 2203 Romam

76 2235 163 2297 atque
179 2231 288 2281 ltaliam
305 2229 474 2295 praeposuit.
509 2227 587 2287 Mox,
607 2238 701 2275 rerum
715 2223 828 2288 potitus,
848 2220 884 2270 ob

76 2300 300 2369 magnitudinem
321 2297 428 2362 pertuli,
447 2312 479 2345 ac
489 2293 671 2360 tardalegum
680 2291 792 2353 auxilia,
811 2303 883 2340 sunr-

74 2372 132 2435 psit
142 2384 158 2419 e
167 2367 377 2427 Consularibus,
388 2367 433 2433 qui
444 2372 586 2416 coerceret
595 2362 714 2423 servitia,
723 2364 753 2411 et
762 2358 836 2426 qnod
847 2359 884 2409 ci·

75 2439 152 2489 vium
165 2438 282 2489 audacia
291 2435 443 2497 turbidum,
462 2436 517 2484 nisi
524 2434 580 2483 rim
588 2434 703 2483 metuat.
722 2430 880 2495 primusque

3 2521 5 2528 ’
76 2506 212 2559 Messalla
224 2507 360 2564 Corvinus
371 2520 431 2556 eam
443 2507 623 2571 potestatem,
646 2505 675 2551 et
689 2510 791 2564 paucos
805 2498 881 2545 intra

1 2583 5 2600 ³
77 2577 137 2627 dies
148 2578 246 2640 linem,
262 2576 382 2640 accepit,
403 2573 482 2640 quasi
494 2572 607 2623 nescius
620 2564 774 2619 exercendi.
802 2565 880 2637 dsunt

77 2647 188 2700 Taurus
195 2644 335 2709 Statilius,
346 2656 511 2715 quamquam
521 2642 652 2709 provecta
661 2640 762 2696 aetate,
771 2632 882 2699 egregie
