2034 3025
85 225 89 232 ‚
126 159 204 236 ins.
218 160 240 212 1.
254 157 338 214 cnr.
355 157 475 212 oo-as.
495 159 857 248 [nnsemcffapn

48 265 176 332 epulanti
185 262 301 318 Vitellio
312 265 430 327 nuntiat,
446 273 573 333 quartam
583 273 611 316 et
620 243 857 317 duodevicesimam

46 334 180 404 legiones,
194 332 324 398 proiectis
339 333 442 386 Galbae
457 333 638 403 sisagriam,
657 335 687 386 ia
703 335 818 386 Senatus
828 342 857 387 et

50 401 153 470 Populi
167 401 245 452 Bono.
262 403 341 454 verba
359 402 473 455 iuratae.
509 403 541 455 ld
554 410 755 456 sacramentum
772 407 856 456 inante
884 447 893 456 .
927 397 935 406 ’

49 474 148 524 visust.
176 472 305 539 occupari
313 481 454 524 natantem
464 471 617 525 Fortunam
627 481 656 524 et
665 471 762 542 offerri
772 474 855 526 Prin·

48 541 145 610 cipem,
161 541 275 608 placuit.
300 540 531 593 Missiallitellio
541 543 577 592 ud
588 543 713 610 legiones
723 543 856 610 Legatos·

49 627 118 680 que,
145 613 193 678 qui
213 609 350 662 descivisse
370 626 386 661 a
410 611 498 664 Galba
518 612 682 679 superiorem
697 612 856 675 exercitam,

49 681 229 732 nunciarent:
235 679 348 746 proinde
359 679 570 732 castellandum
580 681 856 734 advertasdetcircen·

49 759 104 812 tes,
123 758 188 812 ant,
206 748 382 800 siconoordia
397 758 487 816 etpaa
496 752 621 817 placeat,
634 751 795 822 faciendam
806 750 857 802 lm·

46 828 238 898 peratorems·
257 826 284 869 et
304 817 406 871 asinore
426 818 580 874 districtiss
598 820 669 873 santi
687 819 856 890 Principem,

51 903 246 958 quamquam.
402 942 407 951 ,

105 957 191 1010 LVll.
226 957 359 1008 Proxima
371 956 490 1024 legionis
506 958 612 1024 primae
632 955 748 1012 hiberna
766 966 857 1022 orant,

50 1033 82 1081 et
96 1027 318 1094 promptissimus
338 1026 480 1092 eLegatis
498 1027 602 1079 Fabius
616 1026 728 1081 Valeas.
763 1029 791 1080 ls
811 1029 857 1080 dio
941 1030 946 1034 ’

50 1102 164 1168 postero
179 1097 317 1147 coloniam
332 1097 560 1162 Agrippinensem
577 1112 639 1148 cum
661 1098 799 1165 equitibus
819 1097 857 1149 le-

52 1167 144 1234 gionis
155 1166 419 1232 auxiliariorumque
430 1165 587 1232 ingressus,
605 1165 800 1234 Imperatorem
811 1166 863 1217 Vi·-

52 1235 161 1303 tellium
173 1235 365 1286 consalutauit.
385 1233 502 1286 Secutae
512 1235 856 1302 ingenticertamineeins·

53 1306 115 1358 dem
128 1306 285 1372 provinciae
296 1305 431 1370 legiones:
451 1310 479 1354 et
489 1305 780 1371 superios-exercitus,
798 1321 857 1375 spe·

53 1375 136 1426 closis
147 1372 265 1424 Senatus
276 1372 431 1439 Populique
442 1373 558 1424 Romani
569 1375 726 1424 nominibus
741 1375 858 1435 relictis,

53 1445 100 1498 lll.
111 1459 115 1467 ·
128 1441 222 1494 Nonas
237 1442 380 1493 lanuarias
395 1440 507 1492 Vitellio
522 1445 648 1493 sesessit.
676 1445 763 1495 scires
776 1442 858 1493 illam
880 1478 884 1485 „
907 1469 912 1480 ι

54 1515 150 1582 priore
160 1509 246 1562 biduo
258 1524 312 1561 non
324 1520 409 1575 penes
420 1510 630 1576 llempublicam
641 1509 736 1564 luisse.
772 1512 859 1579 Arda·

53 1598 114 1636 rem
131 1580 301 1631 exercituum
315 1580 542 1646 Agrippinenses,
565 1580 695 1643 Treveri,
717 1581 771 1634 Lin
808 1595 860 1632 nes

17 1692 19 1695 .
55 1651 222 1719 aequabant,
240 1646 356 1711 attritio,
375 1664 463 1717 equos,
479 1664 568 1711 oram,
581 1650 721 1717 meusim,
741 1664 758 1701 o
781 1665 860 1702 eren-

55 1728 114 1784 tes,
141 1724 174 1769 nt
190 1720 304 1786 quisque
319 1732 452 1783 corpore,
482 1719 591 1783 opibus,
617 1720 728 1786 ingenio
743 1718 860 1772 validus.

55 1790 113 1842 Nee
123 1787 358 1857 principes·niodo
369 1788 541 1853 coloniarum
556 1794 605 1840 aut
615 1794 782 1853 castrorum,
801 1790 860 1858 qui·

56 1861 108 1911 bus
121 1858 280 1927 praesentia
291 1872 326 1909 ex
336 1857 471 1910 adlluenti
485 1864 515 1911 et
524 1864 605 1925 parta
614 1859 731 1911 victoria
741 1870 861 1928 magnae

56 1944 131 1995 spes:
151 1928 200 1980 sed
211 1926 345 1993 manipuli
356 1940 465 1995 quoque
476 1934 505 1981 et
515 1929 661 1995 gregarius
671 1929 751 1984 miles
760 1926 860 1981 viatica

55 2013 107 2049 sua
116 2002 145 2050 et
153 1997 261 2068 balteos
272 1996 466 2065 phalerasque,
481 1999 601 2065 insignia
610 2012 751 2051 armornm
761 2013 859 2067 argeu-

56 2078 86 2117 to
97 2066 213 2127 decora,
232 2065 295 2115 loco
307 2069 441 2131 pecuniae
451 2066 614 2131 tradebant3
632 2068 766 2121 instinctu
781 2072 859 2134 etin·

56 2140 124 2203 potu
136 2139 165 2183 et
175 2135 300 2183 avaritia.

109 2197 207 2257 LVlll.
243 2202 345 2267 lgitur,
366 2200 481 2253 laudata
496 2205 615 2256 militum
630 2201 791 2269 alacritate,
811 2207 858 2259 Vi·

57 2270 166 2333 tellius,
187 2270 340 2321 ministeria
355 2270 544 2337 principatus,
564 2290 615 2341 per
628 2274 744 2331 libertos
755 2275 858 2342 agino-

58 2342 123 2401 lita,
143 2342 171 2390 in
182 2340 297 2407 Equites
309 2339 448 2391 llomanos
463 2341 600 2408 disponit:
618 2347 779 2397 vacationes
789 2345 858 2395 Cen-

56 2411 213 2474 turionibus
223 2423 259 2461 ex
269 2408 335 2459 lisco
346 2415 485 2477 numerat:
502 2414 647 2465 saevitiam
658 2403 787 2476 militum,
802 2414 859 2479 ple·
903 2448 908 2451 -

57 2496 159 2546 rosque
170 2478 205 2531 ad
216 2492 334 2547 poenam
352 2482 574 2545 exposcentium,
592 2484 702 2549 saepius
712 2483 859 2549 adprobat,

5 2599 11 2609 ,
74 2551 156 2600 actim
167 2548 526 2615 simulationevinculorutn
535 2549 694 2603 frustratur.
711 2552 860 2617 Pompeius

54 2564 240 2685 §ropinquuq
251 2616 567 2685 ProcuratorBelgicae,
577 2622 672 2670 statim
683 2619 858 2683 interiectus.
915 2635 917 2639 ’

53 2686 155 2739 lulium
171 2686 345 2749 Burdonem,
365 2686 549 2743 Germanicae
563 2688 664 2809 cloatiusC
673 2688 858 2809 l2'raeieetum,

564 2806 573 2831 ι
