2034 3025
90 182 91 187 Ἰ
152 107 778 184 niun.enr.ss.4c[s.v.ms.s.o.70.]
831 119 864 171 m

2 217 6 226 '
69 219 233 283 etvicbsimo,
253 223 299 271 cui
309 234 462 286 cognomen
476 217 592 286 Rapaci,
612 225 704 272 vetere
713 221 805 288 glorio
823 225 865 274 iu·

67 290 163 356 signis=
184 294 288 355 operte
298 286 428 350 Othonis,
443 288 533 354 prima
542 288 679 352 Adiutrix,
698 304 753 354 non
763 295 826 342 ente
837 292 865 342 in

2 363 4 366 ⁴
68 359 151 409 aciem
162 356 295 419 deducta,
313 356 363 408 sed
372 355 452 408 ferox
462 361 491 408 et
501 358 565 407 nori
575 357 682 408 decoris
692 358 780 409 avida.
808 359 883 410 Pri-s
948 403 953 410 .

66 427 146 486 moni,
156 427 250 477 stratis
260 425 575 476 unaetvicosinanorum
585 425 734 492 principiis,
744 424 864 494 aquilum

66 493 224 546 abstulere!
247 506 304 561 quo
312 492 411 545 dolore
425 508 543 544 accenso
553 493 640 561 legio,
660 499 688 545 et
697 495 796 561 inpulit
805 509 865 547 rur·

64 578 111 615 sus
125 563 280 630 primanos,
298 561 447 613 interfecto
461 561 595 628 Orphidio
610 562 734 630 Benigno
750 562 866 632 Legem,

66 637 95 683 ct
109 630 229 698 piurima
243 632 322 698 signu
335 630 491 697 vexilloque
510 642 546 682 ex
561 629 687 682 hostibus
706 633 807 698 rapuit.
842 633 866 683 A

64 705 143 768 perte
152 698 356 766 alimpropulsa
365 700 560 765 quintanorum
571 700 666 765 inpetu
676 699 867 754 tertiadecima

64 769 150 834 legio:
171 769 350 819 circumventi
359 766 480 834 plurium
492 768 611 819 adcursu
622 768 864 834 quartadecimani.

64 837 110 900 Et,
119 837 242 888 Ducibus
251 835 368 888 Othonis
378 837 433 887 iam
444 836 552 902 pridem
562 835 696 904 profugis,
706 838 822 888 Coccina
833 852 866 889 uc

64 904 168 959 Valens
178 905 307 957 subsidiis
317 920 383 955 suos
392 905 547 956 firmabant.
574 904 696 956 Accessit
710 920 808 957 recens
818 921 865 956 uu-

59 973 172 1037 nuum,
192 971 506 1040 Varusilthnuscum
518 973 639 1037 Batavis,
658 972 865 1041 fusa'glcdiato·

64 1056 124 1092 rum
136 1058 228 1109 mono,
238 1058 329 1110 quam,
338 1041 451 1094 navibus
462 1045 656 1103 transvectam,
667 1043 811 1107 oppositus
823 1057 865 1093 co·
918 1045 941 1094 ί

65 1109 160 1162 bortes
178 1113 207 1161 in
227 1112 288 1177 ipso
309 1109 422 1162 flumine
436 1109 652 1162 trucidaverant.
687 1111 729 1161 ito
746 1111 865 1162 uictores

64 1178 138 1230 ictus
148 1179 269 1230 bostium
280 1179 390 1230 invecti.

98 1247 195 1301 XLIV.
231 1249 278 1310 Et,
297 1247 389 1300 medic
409 1247 470 1299 acie
488 1254 629 1314 perrupto,
649 1247 745 1314 fugere
763 1248 866 1314 possim

64 1315 223 1377 Othoniani,
241 1316 405 1368 Bedriacum
421 1320 556 1383 petentes.
590 1317 746 1368 Inmensum
762 1315 791 1367 id
806 1330 866 1382 spo·

64 1387 145 1444 ticino
167 1385 326 1436 obstructae
344 1390 438 1451 strage
457 1386 693 1450 communitione.
729 1397 783 1450 quo
802 1383 866 1450 ptus

4 1459 8 1468 '
63 1452 156 1506 caedis
176 1452 238 1503 fuit.
274 1453 466 1520 nequeenim,
487 1451 613 1504 cisilibus
632 1451 722 1515 bellis,
742 1455 815 1519 capti
837 1453 865 1504 in

64 1521 195 1591 praedam
204 1526 360 1573 vertuntur.
396 1520 694 1574 SuetoniusPauilinos
704 1527 733 1574 et
742 1522 866 1574 Licinius

64 1589 323 1643 Proculmdiversis
334 1590 486 1653 itineribus,
496 1595 588 1642 castra
597 1592 727 1644 vitavere.
745 1590 864 1643 Vedium

56 1659 201 1729 Aquilam,
210 1658 434 1711 tertiaedecimae
444 1658 562 1726 legionis
572 1659 717 1729 Legatum,
727 1660 786 1711 irae
796 1660 866 1711 mili·
959 1698 963 1717 ,

62 1735 122 1780 tum
132 1727 306 1784 inconsultus
315 1742 402 1795 pavor
412 1728 520 1780 obtulit.
556 1729 644 1781 multo
656 1728 745 1801 adbuc
756 1728 800 1781 die
809 1729 865 1781 val-
911 1737 914 1747 '

43 1830 48 1835 -
62 1797 120 1847 lum
131 1799 281 1866 ingressus,
291 1798 412 1849 einmorc
422 1797 616 1850 seditiosorum
627 1803 655 1849 et
665 1798 803 1867 fugacium
814 1802 864 1850 cir-

62 1869 271 1934 cumstrepitnr:
292 1881 346 1917 non
358 1867 479 1934 probris,
498 1882 554 1921 uon
569 1868 695 1920 munibus
710 1869 862 1920 abstinente

60 1936 225 1989 desertorem
240 1936 457 2003 proditoremque
476 1937 633 2005 increpant:
653 1936 731 1988 nullo
751 1939 863 2004 proprio
929 1941 933 1948 '

61 2003 175 2056 crimine
185 2006 252 2067 eius,
262 2005 310 2057 sed
321 2020 399 2057 more
407 2005 492 2073 vulgi,
510 2022 590 2057 suum
602 2003 863 2075 quisque‘ilugitium

61 2071 124 2121 abis
135 2072 313 2125 obiectantes.
349 2075 489 2126 Titionum
499 2080 529 2127 et
539 2076 649 2143 Celsum
659 2090 715 2128 nor
724 2078 801 2142 iuvit,
812 2076 864 2127 dis·

62 2140 160 2205 positis
174 2141 227 2189 iam
244 2144 380 2206 excubiis,
399 2146 617 2214 compressisque
632 2146 774 2207 militibus,
793 2160 862 2214 quos

46 2208 169 2260 ‘Annius
179 2206 279 2258 Gallus
287 2212 424 2274 precibus,
434 2213 558 2274 consilio,
569 2214 863 2274 auctoritatesscxersc,

61 2290 185 2342 semper
195 2276 296 2328 cladem
305 2278 432 2330 adversm
438 2296 548 2349 pugnae
558 2282 666 2335 euimeet
676 2282 728 2350 ipsi
738 2282 862 2334 caedibus

59 2344 205 2398 saevirent.
241 2343 369 2413 eioefimie
379 2346 446 2399 dello
456 2348 579 2415 venisset,
588 2366 634 2404 eeu
644 2367 776 2403 secubuere
785 2368 861 2403 arom

58 2414 183 2475 mallent,
201 2412 309 2465 comm
321 2414 399 2468 uictis
412 2414 442 2468 in
452 2432 582 2472 conteneo
593 2422 777 2473 levamentum.
813 2422 861 2472 C'e-

58 2485 129 2533 teris
147 2481 379 2535 fractusanimus.
415 2484 612 2539 Praetorianus
632 2488 720 2552 miles,
737 2506 789 2542 nen
808 2489 860 2541 oir-

57 2558 119 2602 tute
130 2562 178 2613 ee,
187 2550 235 2602 sed
243 2552 398 2618 proditione
411 2552 524 2619 vietum,
545 2557 688 2609 fremebat.
725 2555 767 2608 Ne
781 2556 860 2607 Vitel-

54 2618 142 2738 15αᾶιρ
151 2619 256 2743 quidefie
265 2620 435 2676 incruentam
439 2623 530 2695 fieisse
540 2625 774 2693 uictoriampuleo
790 2624 861 2693 equi·
900 2639 901 2646 ¹

118 2702 217 2741 scrrvs
256 2727 262 2742 .
632 2693 655 2743 F
785 2688 788 2701 ⁴
