2034 3025
154 98 508 159 mansionata-re.
529 99 807 169 [susannae]
845 103 898 157 123·

29 228 33 239 ·
92 207 164 259 tilius
173 207 246 269 vilet,
265 204 396 257 rnilitibur
410 203 476 270 quid
487 203 616 268 dicturos,
632 206 830 271 reposcentibus
844 217 913 269 out,

3 283 5 310 r
89 284 288 344 prosperabat
297 274 428 325 adverto?

3 351 4 366 ¹
142 346 218 397 XlV.
256 344 333 394 llaec
346 342 462 411 singuli,
482 341 550 395 baec
569 342 698 405 universi,
716 348 893 411 utquomque

3 418 5 438 '
88 416 172 467 dolor
180 413 327 479 repulerat,
346 412 541 474 vociferantes,
561 413 640 462 initio
650 424 667 461 a
678 413 773 479 quinta
784 412 894 479 legione

3 487 4 518 l
88 490 161 546 orto,
170 484 299 549 repositis
310 482 417 533 Vitellii
426 482 598 549 imaginibus,
609 480 699 531 vincla
710 481 844 532 Caecinae
854 483 903 532 in·-

56 558 60 567 “
88 554 196 604 iiciunt:
224 551 342 602 Fabium·
360 550 516 613 Fabullum,
535 550 654 617 quintae>
667 549 785 616 legionis
804 550 892 616 Lega-
989 566 994 585 ¹

87 627 159 682 tum,
178 626 209 671 et
229 621 354 670 Cassium
374 619 510 687 Longum,
529 618 704 670 Praefectum
725 625 891 680 castrorum,

87 690 182 741 Duces
201 688 341 755 deligunt:
361 688 435 740 forte
456 689 565 739 oblatos
586 690 668 738 trium
680 686 891 739 Liburnicarum

87 759 198 819 milites,
208 758 321 824 ignaros
331 762 360 809 et
370 760 501 822 insontes,
511 757 662 809 trucidant:
673 756 777 808 relictis
787 758 892 819 (astris,
949 796 952 802 ,

87 828 206 893 abrupto
227 833 324 892 ponte,
344 825 492 878 Hostiliam
513 841 609 879 rursus
615 826 707 891 ‚inde
728 828 892 879 Cremonam

88 901 216 964 pergunt,
225 901 258 946 ut
267 896 432 963 legionibus,
442 897 548 962 primae
557 896 671 947 italicae
683 900 711 948 et
721 896 893 952 unietvicesi·
912 949 916 958 ,

87 965 273 1032 mac'llapaci,
291 967 483 1033 iungerentur,
498 979 566 1031 quas
577 966 704 1027 Caecina,
724 965 758 1025 ad
770 965 893 1017 obtinen-

7 1055 9 1058 ·
88 1035 151 1085 dam
163 1038 337 1095 Cremonam,
347 1050 407 1086 cum
418 1038 497 1099 parte
507 1034 630 1098 equitum
643 1035 833 1097 praemiserat.

140 1102 200 1153 XV.
235 1102 290 1155 Vbi
301 1101 369 1153 baec
379 1106 521 1168 comperta
530 1101 662 1162 Antonio,
683 1101 824 1158 discordes
835 1104 887 1153 ani

88 1174 154 1234 nris,
175 1172 311 1223 discretos
320 1171 423 1223 viribus
434 1170 555 1221 bostium
566 1171 705 1221 ouercitus
716 1170 828 1239 adgredi
838 1176 892 1221 sta-

88 1243 151 1303 tuit,
162 1239 309 1307 autequam
320 1242 444 1292 Ducibus
455 1240 620 1301 auctoritas,
639 1240 721 1290 militi
732 1241 892 1307 obsequium

88 1309 118 1361 et
127 1311 226 1360 iunctis
236 1310 392 1377 legionibus
401 1310 503 1361 fiducia
512 1308 625 1378 rediret.
649 1322 767 1375 namque
778 1308 893 1359 Fabium

93 1378 248 1440 Valentem,
267 1378 423 1443 profectum
434 1379 469 1431 ab
478 1378 557 1439 urbe,
567 1377 785 1428 acceleraturum
806 1392 841 1427 ue
851 1392 894 1427 eo-

88 1447 168 1514 gnita
178 1447 313 1498 Caecinae
322 1447 491 1514 proditione,
510 1444 693 1497 coniectabat.
730 1450 757 1495 et
768 1393 839 1495 illus
850 1442 895 1497 Vi-

89 1514 169 1568 tellio
189 1515 305 1578 Fabius,
325 1532 377 1568 nec
394 1517 512 1567 militiae
532 1518 654 1582 ignarus.
690 1510 779 1566 Simul
797 1517 894 1582 ingens

90 1583 294 1636 Germanorum
305 1585 346 1636 vis
356 1600 407 1653 per
416 1583 562 1637 Rhaetiam
573 1584 735 1635 timebatur:
746 1590 775 1636 et
785 1584 900 1635 Britan.

88 1656 151 1716 nia,
171 1652 317 1720 Galliaque
327 1659 356 1705 et
366 1655 513 1720 Hispania,
534 1652 893 1706 suxiliavitelliusaecive-

88 1730 144 1786 rat,
160 1722 313 1774 inmensam
323 1723 389 1775 belli
399 1723 482 1786 luem,
501 1724 683 1785 niAntonists,
703 1722 731 1774 id
742 1725 829 1789 ipsum
841 1737 894 1773 me-

87 1798 181 1855 tuens,
192 1791 324 1844 festinato
335 1793 442 1858 proelio
454 1793 597 1844 victoriam
610 1793 803 1858 praecepisset.
825 1791 893 1852 ,Vnd-

88 1876 170 1914 versa
185 1877 248 1914 cum
264 1863 397 1928 exercitu,
416 1860 545 1914 secundis
560 1875 577 1911 a
593 1859 703 1912 Verona
719 1862 825 1922 castris,
842 1860 893 1911 Be·
955 1887 958 1894 r

88 1930 214 1982 driacum
229 1933 312 1982 venit.
347 1937 461 1998 postero
480 1931 534 1992 die,
553 1929 707 1996 legionibus
722 1930 756 1981 ad
772 1931 894 1981 munien-

88 2000 156 2050 dum
170 2002 302 2063 retentis,
320 2001 472 2053 auxiliares
492 1997 621 2050 cohortos
636 1999 663 2048 in
680 2001 891 2051 cremonensem

89 2083 188 2134 agrum
199 2070 309 2132 missae,
318 2076 359 2133 ut,
369 2070 460 2136 specie
470 2068 657 2136 parandarum
668 2071 817 2136 copiarum,
829 2070 891 2121 civi·
954 2119 956 2126 ,

87 2136 108 2187 li
118 2136 223 2202 praeda
232 2139 313 2190 miles
323 2139 494 2203 inhaeretur.
530 2139 600 2204 lpse,
611 2153 674 2189 cum
686 2143 803 2206 quatuor
813 2137 892 2190 milli-

86 2206 139 2256 bus
149 2207 282 2272 equitum,
292 2207 329 2257 ad
339 2214 465 2259 octavum
477 2223 495 2258 a
503 2205 639 2258 Bedriaco
649 2223 822 2275 progressus,
837 2221 891 2275 quo
928 2219 934 2225 ·

88 2274 218 2325 licentius
237 2275 447 2341 popularentur.
483 2275 676 2343 exploratores
696 2280 740 2340 (ut
757 2291 818 2328 mos
837 2278 895 2338 est)

85 2343 196 2409 longius
215 2345 357 2398 curabant.
969 2342 975 2346 ’

3 2476 4 2481 ¹
42 2433 62 2455 κ
138 2411 213 2465 XVI.
250 2414 355 2475 Quinta
373 2412 461 2465 ferme
480 2411 552 2466 hora
569 2415 716 2477 diei'erat,
736 2429 798 2477 cum
818 2413 890 2466 citus

3 2488 4 2501 ¹
87 2496 184 2548 eques,
204 2482 351 2535 adventare
370 2481 472 2547 bootes,
491 2481 642 2553 praegredi
656 2479 771 2551 paucos,
789 2490 890 2536 motum
918 2507 920 2512 ·

3 2503 9 2627 l
81 2548 278 2624 fretrst‘tamque
293 2552 464 2616 loteaudiri,
482 2555 627 2603 nuntiavit.
663 2553 737 2605 Dum
747 2553 890 2618 Antonius,

4 2630 9 2661 ¹
87 2618 215 2684 quidnam
224 2621 366 2691 agendum,
377 2623 526 2688 consultat,
535 2619 668 2678 aviditate
677 2621 818 2675 navandae
829 2635 895 2688 ope·
924 2623 928 2632 ’
