2034 3025
79 214 80 219 Ν
109 189 111 193 s
165 153 201 211 22
289 114 879 223 iussurum[arrectae]·

94 297 99 301 .
165 258 253 316 initio,
260 260 289 305 et
298 255 394 305 tractis
403 255 492 319 prima
503 267 612 320 quoque
624 266 657 301 ac
666 253 796 303 vicesima
805 253 974 320 legionibus.

140 345 146 348 ·
163 334 229 377 nam
249 322 348 378 iisdem*
366 322 477 374 aestivis
491 322 520 371 in
535 322 634 371 linibus
646 320 777 383 Vbiorum
794 319 972 376 habebantur

165 410 216 461 per
226 394 312 445 otium
323 397 372 444 aut
381 392 453 443 levia
463 390 565 441 munia.
600 391 696 456 Igitur,
707 390 801 442 audito
811 392 866 441 h'ne
877 394 982 459 Augu·'

166 464 211 526 sti,
221 462 370 514 vernacula
380 459 543 521 multitudo,
562 474 650 523 nuper
659 465 721 509 acto
731 461 760 509 in
771 460 839 510 urhe
849 460 974 525 delectu,

166 532 296 585 lasciviae
307 537 400 592 sueta,
415 529 541 580 laborum
556 527 724 590 intolerans,
744 528 887 593 impellere
897 536 973 583 cete·

166 616 261 651 rorum
280 600 364 651 rudes
384 600 503 650 animos:
524 595 625 648 renim
644 605 759 664 tempas,
779 613 831 665 quo
846 599 974 652 veterani

107 686 110 693 ’
166 677 301 721 araturam
306 667 463 733 missionem,
473 667 579 718 iuvenes
589 665 712 734 largiora
722 665 866 733 stipendia,
876 668 974 720 cuncti

166 738 271 789 modam
286 736 456 801 irriseriaram
472 744 655 803 exposcerent,
675 734 866 802 saevitiamque
876 746 971 789 ceatu-

166 808 273 858 riorum
283 806 483 858 ulciscerentur.
519 804 581 856 Non
600 818 673 855 unus
692 802 768 866 haec,
787 810 820 854 ut
833 798 972 856 Pannoni·
1006 837 1008 852 .

133 874 137 889 '
168 891 214 927 cas
224 877 297 927 inter
307 875 431 943 legiones
441 875 622 936 Percennius,
642 890 694 924 nec
704 874 778 939 apud
786 873 911 939 trepidas
922 878 973 927 mi·

165 945 249 998 litum
261 960 351 1007 aures,
364 945 433 995 alios
444 944 594 994 validiores
605 945 744 993 exercitos
753 943 976 1008 respicientium,

168 1014 217 1065 sed
227 1013 315 1064 multa
325 1014 467 1065 seditionis
477 1027 528 1063 ora
537 1027 684 1079 vocesque:
699 1028 749 1063 rua
759 1012 788 1063 ia
797 1026 878 1062 manu
888 1012 975 1065 aram

155 1088 224 1135 freni
234 1078 384 1143 Romanam
390 1082 465 1143 ,sais
475 1080 597 1133 victoriis
607 1077 705 1149 augeri
714 1096 770 1131 rem
776 1079 915 1150 publicam
921 1082 975 1143 ,·r'u
1006 1079 1008 1090 '

168 1168 246 1205 saara
256 1161 456 1221 cognomentum
467 1150 581 1203 adscisci
591 1150 782 1216 Imperatores.
1006 1191 1008 1202 .

220 1220 334 1273 XXXll.
350 1220 407 1271 Nec
417 1221 526 1287 legatus
537 1220 645 1270 obviarn
656 1219 728 1269 ibat:
739 1220 838 1287 quippe
847 1218 975 1285 plurium

107 1315 109 1321 v
168 1290 296 1345 secordia
315 1292 496 1342 constantiam
518 1294 669 1339 exemerat.
692 1294 807 1354 repente
826 1287 975 1354 lymphati,

169 1361 308 1414 destrictis
319 1360 432 1425 gladiis,
451 1359 480 1408 in
491 1358 666 1409 centuriones
676 1357 824 1419 invadunt,
840 1361 887 1418 (aa
896 1366 975 1411 retu·

166 1432 290 1483 ctissime
301 1428 466 1479 militaribus
477 1428 547 1480 odiis
557 1428 694 1488 materies,
711 1430 740 1478 et
749 1426 889 1477 saeviendi
899 1431 975 1492 prin·

168 1500 289 1569 alpium)
299 1502 454 1566 prostratos
463 1496 626 1556 verberibus
636 1495 768 1558 mulcant,
778 1497 911 1562 sexageni
921 1499 976 1547 sin-

170 1572 260 1640 gulos,
274 1575 305 1619 ut
315 1580 459 1620 numerum
470 1567 663 1619 centurionum
674 1565 870 1632 adaequarent.
898 1567 975 1617 Tum

166 1639 316 1692 'convulsos
337 1638 509 1703 laniatosque
523 1641 552 1687 et
566 1635 666 1701 partim
686 1634 827 1686 exanimos
843 1639 909 1686 ante
919 1635 975 1686 sal-

171 1709 229 1758 lum
250 1711 300 1756 aut
318 1707 346 1755 in
362 1720 470 1756 amnem
485 1703 610 1758 Rhenum
631 1704 786 1770 proliciunt.
823 1701 975 1769 Septimius
1006 1734 1008 1738 v

172 1783 233 1828 eum
244 1773 409 1840 perfugisset
418 1773 453 1824 ad
464 1770 599 1837 tirbenal,
606 1773 776 1838 pedibusque
782 1772 917 1824 Caecinae
928 1773 974 1824 ad·

172 1842 339 1904 volveretur,
354 1859 387 1894 eo
398 1856 487 1908 usque
498 1841 640 1909 flagitatus
650 1847 701 1903 est,
714 1841 802 1892 donee
810 1841 845 1891 ad
857 1844 974 1892 exitium

172 1912 329 1964 dederetur.
366 1913 475 1966 Cassius
487 1909 621 1972 Chaerea,
636 1925 700 1961 mox
710 1909 795 1961 caede
806 1910 835 1960 C.
845 1911 974 1961 Caesaris

172 1981 334 2032 memoriam
344 1981 418 2046 apud
428 1985 556 2047 posteros
567 1980 692 2045 adeptus,
701 1984 761 2028 tum
771 1978 936 2030 adulescens
947 1987 976 2031 et

173 2049 258 2101 animi
277 2049 365 2112 ferox,
385 2051 457 2100 inter
472 2049 614 2100 obstantes
630 2054 659 2100 et
673 2053 795 2098 armatos
809 2047 886 2098 ferro
901 2049 975 2099 viam

173 2115 313 2185 patefecit.
348 2118 409 2170 Non
420 2119 547 2170 tribunus
559 2117 645 2180 ultra,
664 2130 719 2166 non
730 2122 886 2168 castrorum
896 2131 977 2184 prae,

175 2188 262 2238 sectus
273 2187 316 2238 ius
328 2187 460 2240 obtinuit:
480 2187 595 2254 vigilias,
604 2187 752 2246 stationes,
773 2191 804 2236 et
818 2187 842 2235 si
854 2199 910 2253 qua
919 2185 976 2236 alia

174 2248 306 2322 praesens
335 2271 401 2306 usus
429 2256 577 2318 indixerat,
608 2255 659 2321 ipsi
689 2254 888 2322 partiebantur.
934 2255 977 2317 ld,
1006 2274 1008 2303 ;

175 2325 309 2378 militares
324 2327 430 2383 animos
445 2324 529 2375 altius
550 2323 776 2385 coniectantibus,
796 2324 976 2390 praecipuum

174 2393 306 2446 indicium
316 2395 409 2461 magni
424 2398 505 2460 atque
520 2392 703 2459 implacabilis
718 2397 822 2455 motos,
843 2392 919 2460 quod
929 2407 976 2443 ne·
1006 2427 1008 2430 >

175 2477 228 2530 que
239 2462 353 2524 disiecti,
372 2477 423 2513 nec
434 2476 585 2528 paucorum
595 2462 738 2524 instinctu,
758 2461 806 2512 sed
817 2463 923 2528 pariter
932 2475 976 2511 ar·

177 2531 328 2591 deseerent,
338 2532 441 2596 pariter
451 2531 579 2594 silerent3
599 2535 678 2586 tanta
693 2529 864 2597 aequalitate
874 2535 903 2581 et
913 2544 983 2580 con·v

99 2634 101 2638 -
176 2600 288 2660 stantia,
302 2603 335 2648 ut
343 2600 402 2664 regi
412 2598 546 2650 crederes.

228 2667 356 2751 Xlllllll.
374 2667 484 2724 lateres
494 2666 670 2731 Germanico,
679 2680 729 2736 per
740 2665 855 2730 (tallias,
866 2672 898 2719 ut
908 2667 978 2719 dixi·
1006 2740 1007 2743 Ἴ
