2034 3025
174 153 209 207 rs
235 122 242 135 '
295 128 523 205 iuniorum
541 150 697 219 [A.v.7es.
715 152 855 221 aaa]
887 200 889 203 .

175 329 331 377 strueretur
340 324 472 389 Augusto,
489 324 647 388 petentibus
654 324 787 389 Hispanis
798 328 981 390 permissum:

101 445 107 451 ,
163 392 821 460 'datumqueinomuesprorinciasexemplum.
854 394 983 447 Centesi-

175 476 251 515 mam
268 476 362 514 rerum
382 458 534 521 venalium,
554 466 617 525 post
627 460 702 512 bella
712 461 802 512 civilia
811 464 982 526 institutam,

157 580 160 587 .
175 530 342 598 deprecante
360 528 477 593 populo,
496 529 583 579 edixit
600 530 745 591 Tiberius,
762 530 884 582 militare
901 532 983 582 itera·

120 602 137 638 ‘r
174 600 249 652 rium
259 616 288 650 eo
298 597 414 651 subsidio
424 595 491 649 niti:
509 596 589 648 simut
597 596 727 670 imparem
737 598 813 650 oneri
822 614 878 649 rem
889 599 983 665 publi·

176 684 248 731 corn,
266 665 321 719 nisi
334 664 457 717 vicesimo
467 663 583 717 miiitiae
597 674 667 717 anno
681 666 804 729 veterani
813 665 985 719 dimitteren-

154 733 232 788 tur.
252 738 293 787 ito
308 736 452 801 proximae
469 733 613 786 seditionis
630 734 704 785 male
723 734 860 797 consulta,
878 737 983 803 quibus

176 804 298 857 sedecim
309 802 510 869 stipendiorum
520 803 604 853 finem
614 808 829 872 expresserant!
836 803 942 854 abolita
952 806 982 855 in

197 876 328 925 osterum.
412 920 413 923 ,
522 895 525 898 -
640 910 643 915 .

175 888 195 941 p
227 939 355 995 LXXIX.
373 941 471 991 Actum
487 940 587 992 deinde
603 940 632 990 in
643 938 747 991 Senatu
764 939 799 991 ab
809 940 943 991 Arruntio
955 945 985 992 et

175 1010 269 1073 Ateio,
287 1024 322 1062 an
339 1010 374 1061 ob
390 1009 573 1061 moderandas
584 1010 692 1060 Tiberis
710 1008 913 1060 exundationes
922 1024 985 1061 rer-

175 1086 304 1133 terantur
315 1077 429 1130 flumina
442 1084 470 1130 et
484 1077 575 1140 lacus,
595 1092 645 1144 per
659 1093 729 1145 quos
744 1078 876 1144 augescit.
905 1079 987 1130 audi·

176 1154 276 1217 taeque
285 1148 500 1213 ‘municipiorum
507 1152 536 1197 et
543 1146 713 1198 coloniarum
723 1146 891 1213 legationes:
904 1160 985 1197 oran-

175 1218 251 1267 tibus
261 1216 493 1278 Florentinis‚‘ne
508 1212 610 1278 Clanis,
627 1214 705 1267 solito
716 1217 791 1266 atreo
801 1215 936 1279 demotus,
955 1215 986 1268 ir:

156 1324 158 1329 -
176 1300 281 1339 amnem
298 1282 403 1337 Arnum
421 1283 635 1353 transferretur,
654 1283 734 1351 idque
752 1282 817 1349 ipsit
834 1283 986 1349 perniciem

177 1354 310 1425 adferret.
334 1400 337 1407 .
348 1352 538 1419 congruentia
546 1351 589 1401 bis
599 1352 802 1403 Interamnates
812 1351 987 1404 disseruere:

159 1466 161 1472 ,
197 1438 282 1474 essum
292 1422 380 1475 ituros
386 1419 593 1501 fecundissimos
604 1419 706 1471 Italiae
716 1436 839 1488 campos,
856 1419 882 1470 n·
895 1420 987 1472 amois

208 1506 241 1545 or
252 1491 292 1555 (id
303 1492 376 1544 enim
387 1490 549 1561 parabatur)
563 1488 594 1541 io
603 1488 675 1541 rico:
690 1488 828 1552 diductus,
847 1497 989 1558 supersto-

173 1561 322 1632 gooviotet.
341 1560 399 1612 Nec
410 1560 520 1612 Reatini
531 1559 658 1621 silebant,
668 1558 799 1611 Velinum
810 1559 912 1621 laeum,
928 1575 988 1627 qua

119 1671 147 1687 .-
177 1633 207 1685 in
217 1631 321 1684 Narem
332 1628 484 1682 effunditur
490 1665 499 1691 ‚
518 1629 627 1679 obstrui
645 1632 820 1680 recusantem
840 1625 942 1695 quippe
957 1628 989 1680 ir:

178 1699 520 1764 adiacentioer'opturom:
540 1705 646 1763 optume
661 1696 739 1747 rebus
751 1695 910 1747 mortalium
925 1713 988 1749 cors

78 1803 79 1806 =
177 1767 443 1828 stloirrenaturom,
463 1763 833 1833 quaeruoorafluminibm,
852 1779 989 1818 suerent·

116 1848 137 1876 κ’
178 1852 232 1899 rus,
242 1845 325 1904 utque
336 1833 482 1902 originem,
501 1833 545 1885 ita
556 1833 759 1902 finerdederit:
776 1833 989 1901 :pertentasse

177 1907 233 1960 iam
243 1903 387 1972 religiones
398 1902 543 1965 sociorum,
559 1903 606 1971 pai
616 1918 694 1969 :acro
705 1911 733 1954 et
743 1905 815 1955 trecor
826 1910 854 1954 et
863 1918 932 1955 aras
939 1919 991 1971 po·

153 2027 156 2032 ,
177 1973 242 2028 tritt
262 1972 383 2025 omnibus
402 1971 561 2024 dicaverint.
588 1971 654 2039 puin
667 1971 756 2039 ipsum
774 1969 895 2024 Tiberim
908 1975 991 2034 aoth,

214 2041 397 2096 mummoli:
410 2038 507 2107 fluviis
518 2039 651 2102 orbatum,
670 2039 874 2108 ntinoregtoria
886 2038 990 2108 fluere.

201 2128 236 2167 eu
246 2125 342 2180 preces
353 2110 540 2180 coloniarum,
555 2123 605 2161 seu
614 2109 764 2160 difficultas
775 2123 910 2175 operum,
929 2110 990 2162 sire

178 2181 338 2250 superstitio
347 2179 450 2241 valuit,
467 2183 500 2229 ut
514 2179 543 2228 in
557 2178 725 2230 sententiam
735 2177 844 2230 Pisonis
854 2179 991 2232 concede·

103 2275 107 2280 ff
178 2258 267 2313 retur,
277 2251 324 2317 qui
334 2249 374 2300 nil
383 2247 546 2298 mutandum
557 2251 710 2298 censuerat
734 2246 909 2314 Prorogatur
919 2247 991 2314 Pop·

178 2335 249 2390 paco
261 2319 362 2371 Sabino
373 2316 515 2383 provincia
524 2315 641 2378 Moesia,
659 2314 760 2367 additis
769 2314 876 2368 Achaia
886 2331 921 2368 ae
930 2318 991 2370 llu-

182 2389 307 2444 cedonia.

167 2513 170 2520 ⁴
233 2454 346 2510 LXXX.
364 2451 396 2504 ld
406 2467 515 2521 quoque
526 2465 634 2504 morum
644 2452 749 2506 Tiberii
760 2451 827 2516 fuit,
842 2454 990 2506 continu»

167 2541 214 2580 re
233 2523 364 2590 imperia,
384 2535 417 2570 ac
434 2521 582 2587 plerosque
602 2521 638 2572 ad
655 2525 738 2574 tinem
754 2523 828 2574 ritae
839 2524 873 2574 in
887 2524 989 2576 lisdem

183 2592 351 2652 exercitibus
361 2593 410 2640 aut
419 2589 655 2640 iurisdictionibus
665 2588 775 2643 babere.
812 2592 991 2644 Caussacrs·

181 2660 412 2716 riactraduntur:
431 2657 478 2708 alii
494 2656 583 2708 taedio
596 2674 771 2714 nosaecuras
786 2660 867 2715 semel
878 2661 991 2731 piacita
