2034 3025
60 114 207 173 nenvr.
227 112 312 164 cnr.
330 100 452 164 un-m.
473 112 517 179 [A.
526 111 559 165 V.
572 114 629 179 786·
647 112 680 168 Α.
690 117 721 167 c.
732 117 785 183 sn]
804 119 857 178 uss

42 225 169 292 reperies
177 239 185 287 3
194 237 228 272 ae
238 221 335 272 multis
346 221 458 270 insitam
471 221 642 286 opinionem,
657 237 709 272 non
718 219 801 272 initio
812 238 856 275 no-

42 295 104 357 stri,
120 309 175 346 non
183 291 279 361 finem,
298 307 352 343 non
362 289 473 354 deniqne
483 288 602 341 nomines
613 287 677 340 Diis
687 305 778 341 curae.
797 290 857 343 ideo

45 362 206 416 ereberrime
217 367 245 411 et
255 359 349 412 tristia
363 358 393 410 in
407 358 487 411 bonos
502 368 530 411 et
546 361 619 412 loeta
629 359 704 426 aperti
712 358 858 412 deteriores

45 449 104 485 esse.
143 432 251 482 Contra
261 429 319 492 ulii,
328 429 425 500 fatum
435 428 540 497 quidem
550 444 699 498 congruere
709 426 797 488 rebus,
809 444 856 495 pu-

43 506 111 565 tant,
131 501 180 553 sed
193 516 246 552 non
257 516 270 550 e
280 498 358 568 sagis
372 499 469 563 stellis,
487 515 581 550 oerum
593 499 668 566 apud
679 496 819 566 principia
829 506 857 550 et

41 587 126 625 nexus
136 567 308 622 naturalium
318 583 490 622 caussarum:
508 586 543 621 ae
552 577 642 622 tamen
652 567 807 621 electionem
816 566 856 618 oi-
911 600 915 605 -

40 651 86 696 tae
102 639 185 692 nobis
195 638 472 706 relinquuntsqnnne
486 637 533 690 nti
549 638 677 758 etefferit,
697 647 802 694 eertnrn
814 635 856 689 in·

39 708 202 764 reinentinne
213 707 341 760 ordinem.
361 723 445 774 neque
455 710 527 760 maia
538 711 580 760 nei
606 725 672 770 one,
680 724 748 777 qnae
757 708 856 776 onlgns
872 717 873 722 ’

36 789 135 849 petet.-
153 780 262 840 multos,
277 776 325 846 qui
335 775 491 847 conflictari
499 776 620 829 adversis
629 778 783 842 videantur,
793 777 856 830 bea·

38 861 91 914 tos,
111 851 310 917 septenosque,
331 857 753 916 quamquammagnnsperopes,
763 847 856 899 miser·

37 920 142 981 rinnon
161 917 236 970 stilti
243 933 357 987 gravem
365 917 513 988 fortunam
524 925 679 970 constanter
690 920 814 982 tolerent,
824 915 855 970 tn

36 1004 172 1058 prospera
181 987 331 1041 inconsulte
340 995 465 1040 utentur.
502 989 853 1053 Ceterumplurimismor-

40 1059 143 1111 talium
154 1072 209 1110 non
221 1058 361 1121 eximitur,
371 1061 438 1125 quin
444 1055 536 1123 priene
548 1058 675 1126 cuiusque
686 1066 750 1110 ortes
759 1065 854 1110 nentes-

38 1145 71 1182 ra
81 1127 272 1182 destinentur:
290 1128 337 1178 sed
354 1127 485 1193 quaedam
502 1141 592 1190 secus,
612 1128 853 1194 quarantianum,

37 1200 147 1264 cadere,
152 1197 390 1268 fallaciis-ignara
400 1195 556 1250 dicentium.
570 1197 613 1249 ita
623 1196 760 1265 eorrumpi
768 1197 853 1266 fidene

30 1268 121 1331 artis,
131 1267 210 1318 cuius
219 1269 296 1318 clara
306 1268 465 1319 documenta
475 1267 623 1334 etantiqua
634 1275 711 1320 oetas
721 1275 749 1320 et
758 1276 853 1320 nostro

37 1335 149 1390 tuterit.
170 1337 279 1404 Quippe
289 1352 307 1388 a
316 1337 375 1388 tilio
387 1337 514 1388 eiusdem
524 1336 668 1404 Thrasylli
679 1337 853 1404 praedictum

36 1407 165 1461 Neronis
176 1408 364 1472 imperiumin
375 1411 501 1473 tempore
513 1406 723 1470 memorabitur,
733 1421 768 1459 ne
780 1421 853 1458 nune

36 1479 156 1544 incepto
168 1476 278 1545 'tongins
289 1476 415 1528 abierim.
862 1501 869 1508 -

99 1547 206 1599 xxltr.
225 1547 325 1598 lisdem
338 1544 505 1597 Consulibus
521 1544 608 1596 Asinii
620 1544 781 1596 Gallimors
795 1543 854 1595 vul·

36 1621 142 1685 gatus,
161 1631 244 1683 quem
254 1620 380 1685 egestate
390 1615 444 1667 eibi
454 1621 629 1682 peremptum
641 1613 715 1665 haud
727 1613 854 1665 dubium:

36 1692 152 1754 sponte,
158 1685 214 1739 nel
223 1688 398 1749 necessitate,
411 1686 549 1737 incertum
560 1683 727 1736 habebaturr
748 1682 857 1735 consul·

37 1763 145 1824 tueque
157 1755 267 1818 Caesar,
279 1771 324 1808 -an
339 1754 449 1823 sepeliri
462 1754 579 1819 sineret,
599 1766 655 1806 non
667 1754 779 1807 erubuit
794 1768 856 1821 per·

37 1829 166 1887 mittere,
184 1824 317 1892 ultroque
334 1826 463 1877 incusare
477 1840 566 1889 eosne,
585 1824 719 1895 quiscum
729 1824 861 1878 abstuli&

37 1894 590 1961 sent,antequameorumeoneineeretnr.
628 1894 750 1959 Scilicet,
761 1893 855 1948 medio

38 1964 167 2020 triennio
183 1963 313 2018 defuerat
330 1970 440 2032 tenipus
455 1965 593 2017 subeundi
608 1965 856 2017 iudiciumConsn·

37 2036 95 2089 lari
106 2034 178 2097 seni,
197 2039 241 2085 tot
256 2034 452 2087 Consularium
473 2036 590 2102 parenti.
626 2035 737 2088 Drusus
754 2034 856 2089 deinde

40 2103 242 2172 exstinguitur,
262 2120 327 2157 eum
337 2120 368 2157 se
377 2105 544 2156 miserandis
555 2105 704 2169 alimentis,
723 2105 855 2158 niunden·

40 2175 78 2227 do
89 2190 106 2227 e
116 2173 201 2225 cubili
211 2179 346 2236 tomento,
356 2189 460 2225 nonum
470 2174 506 2226 nd
517 2175 591 2227 diem
602 2176 775 2229 detinuisset.
785 2176 855 2227 Trn-

40 2245 140 2296 didere
150 2241 272 2311 quidam,
282 2245 484 2312 praescriptum
494 2243 580 2297 fuisse
591 2246 726 2309 Macroni,
742 2247 764 2296 si
776 2252 855 2296 annu

43 2315 77 2367 sb
88 2311 190 2366 Seiano
201 2317 389 2377 tentarentur,
406 2318 563 2366 extructum
575 2315 705 2367 custodia
715 2316 854 2377 iuvenem,

43 2386 158 2447 (nemin
169 2383 273 2449 palatio
284 2383 475 2447 adtinebstur)
487 2384 584 2437 ducem
596 2383 700 2452 populo
710 2386 854 2451 inponere.
931 2386 942 2399 '

42 2468 120 2517 nior,
141 2454 313 2521 quinrumor
322 2453 482 2516 incedebat,
496 2454 572 2528 sore,
586 2450 862 2519 utnurninenepott'.

42 2521 367 2644 ιοηιεέἰένοειινβαοιαν,
386 2524 532 2576 eserinam
551 2538 633 2593 quom
653 2523 857 2591 poenitentiam,

44 2608 88 2645 mn
101 2660 203 2720 XXIV.
221 2662 296 2727 Qun
314 2666 346 2717 et
364 2663 492 2717 invenus
509 2664 541 2717 in
560 2660 733 2724 defunctorie,
748 2652 853 2726 probro
946 2663 948 2667 ·
