2034 3025
197 126 415 185 DIALOGVS
435 132 632 189 coelam.
704 141 709 151 '
765 135 816 189 309

21 245 174 313 auramque
185 246 337 312 pallentem
347 247 473 314 trepidus
484 252 621 315 experiar.
644 264 698 301 non
709 265 752 301 me
764 249 815 302 sre-

21 315 100 367 nitus
121 315 319 378 salutantium,
348 331 401 369 nec
414 314 548 369 anhelans
569 319 686 373 libertus
701 318 816 370 excitet:

21 398 81 447 rec,
100 384 223 436 incertus
235 384 336 449 futuri,
361 390 558 439 testamentum
569 402 619 453 pro
630 389 745 454 pignore
755 389 819 437 scri·

21 467 92 503 oum:
121 451 386 523 necplusbobeem,
405 470 487 523 quom
498 456 699 523 quodpossim,
719 459 818 509 cuive·
883 510 886 515 ,

21 522 75 583 im,
94 522 268 589 relinquere,
288 524 517 593 quandocumque
527 524 622 577 fatalis
632 530 661 576 et
670 539 749 576 meus
760 523 819 577 dies

21 592 119 642 reniet.
157 597 320 659 statuarque
334 592 456 657 tumulo,
486 610 543 646 non
554 598 678 645 moestus
689 599 718 645 et
727 600 819 657 atrox,

21 657 65 709 sed
76 658 175 710 hilaris
186 665 215 712 et
225 667 387 724 coronatus:
398 669 427 714 et
436 660 488 730 pio
498 664 823 716 memoriemeineccon·

21 727 93 778 iulet
123 730 260 795 uisquam,
279 738 430 799 necroget.

69 796 109 849 Xl
136 798 281 851 ‚Vixdum
300 801 412 852 linierat
426 802 587 864 Maternus,
616 801 771 853 concitatus
792 806 821 853 et
857 843 861 850 .

21 864 93 916 velut
102 868 263 931 instinctus,
290 885 353 920 cum
364 870 516 937 Vipstanus
527 870 651 923 Messala
662 870 820 923 cubiculum

21 936 78 986 eius
89 937 234 1003 ingressus
245 942 301 1001 est,
329 940 539 1007 suspicatusque
551 954 586 991 ex
596 941 656 1006 ipsa
665 940 820 992 intentione

21 1004 198 1071 singulorum,
213 1006 341 1057 altiorem
350 1010 481 1057 intereos
491 1022 552 1059 esse
562 1022 730 1061 sermonem:
748 1007 820 1059 Num

21 1089 115 1137 parum
125 1075 315 1138 tempestivus,
334 1074 435 1139 inquit,
450 1075 596 1134 interveni,
611 1080 748 1125 secretum
760 1090 822 1126 con·

21 1142 110 1193 silium
121 1146 150 1193 et
160 1156 275 1192 caussae
280 1141 398 1192 alicuius
404 1140 613 1191 meditationem
618 1140 822 1194 tractantibusl

71 1210 202 1272 Minime,
226 1211 352 1273 minime,
376 1210 469 1277 inquit
479 1207 637 1274 Secundus,
656 1211 823 1279 atqueadco

21 1278 117 1330 vellem
132 1280 267 1330 maturius
282 1279 487 1331 intervenimus.
525 1278 694 1335 delectasset
707 1280 779 1332 euim
795 1285 824 1330 ts
862 1320 867 1337 ,

21 1354 47 1398 et
58 1349 123 1414 Apri
135 1349 224 1399 nostri
234 1349 462 1401 adcuratissimus
473 1362 575 1412 sermo,
585 1363 646 1419 oum
653 1348 823 1411 Maternum,

21 1422 51 1467 nt
62 1430 144 1467 omne
154 1418 296 1483 ingenium
306 1433 339 1469 ac
349 1417 473 1469 studium
482 1433 566 1469 snum
576 1417 612 1470 ad
623 1430 825 1484 caussusogen·

21 1487 69 1538 das
89 1490 279 1551 converteret,
308 1485 555 1551 exhortatorem,
585 1490 614 1540 et
632 1486 754 1540 Materni
775 1500 825 1552 pro

22 1555 191 1608 carminibus
199 1558 257 1608 suis
266 1557 351 1620 lecta,
366 1564 457 1626 utque
467 1562 565 1624 peetus
576 1556 688 1610 defendi
698 1555 825 1618 decebat,

22 1625 182 1690 audentior,
210 1631 240 1680 et
256 1631 405 1695 poetarum
428 1642 513 1697 quam
535 1632 679 1681 oratorum
699 1624 824 1686 similior,

22 1697 120 1748 oratio.
260 1732 265 1740 .
637 1692 641 1708 ‘
749 1697 753 1701 '

74 1765 208 1828 Mercro,
225 1763 331 1832 inquit,
350 1769 379 1817 et
389 1765 553 1833 sermoipse
563 1763 673 1814 infinita
681 1761 825 1828 voluptate
919 1785 922 1794 ·

22 1831 183 1896 adfecisset,
207 1837 291 1901 etque
301 1832 331 1884 id
340 1834 428 1900 ipsum
440 1832 576 1896 delectat,
603 1831 749 1902 quodvos,
772 1833 825 1882 viri

23 1904 120 1970 optimi
131 1908 159 1954 et
168 1908 327 1970 temporum
337 1910 499 1956 nostrorum
511 1907 648 1964 oratores,
667 1916 723 1952 non
734 1900 825 1952 foren-

22 1975 99 2025 sibus
108 1978 215 2025 tantum
227 1973 348 2040 negotiis
364 1970 600 2026 etdeclamatorio
611 1969 704 2022 studio
714 1970 826 2040 ingenia

22 2047 118 2094 vestra
132 2043 280 2105 exercetis,
308 2042 358 2094 sed
372 2042 507 2097 eiusmodi
523 2043 607 2093 etium
624 2041 825 2107 disputationes

23 2111 181 2176 adiungitis,
200 2127 271 2178 quae
281 2117 310 2162 et
318 2112 460 2181 ingenium
471 2111 564 2174 olunt,
583 2115 612 2162 et
622 2110 786 2162 cruditionis
797 2116 826 2160 et

23 2183 179 2233 litterarum
192 2179 421 2231 iucundissimum
434 2181 681 2239 oblectamentum,
708 2193 768 2229 cum
778 2191 825 2226 uo·
910 2185 915 2194 ·

23 2252 74 2313 bis,
91 2248 369 2317 quiilledisputatis,
388 2249 528 2312 adferunt,
547 2254 606 2300 tum
618 2249 701 2300 etiarn
712 2245 768 2308 his,
788 2245 823 2296 ad

23 2334 140 2389 quorum
151 2333 233 2368 aures
248 2319 433 2384 pervenerint.
461 2319 566 2386 ltaque
577 2315 698 2369 Hercule
710 2330 765 2366 non
776 2315 824 2364 mi·

23 2404 76 2442 nus
85 2387 196 2454 probari
207 2387 287 2439 video
296 2388 325 2438 in
336 2392 372 2451 te,
387 2386 523 2451 Secunde,
538 2386 623 2454 quod,
638 2385 700 2436 iulii
711 2383 822 2436 Asiatici

23 2460 108 2509 situm
118 2456 323 2522 componendo,
343 2471 419 2523 spem
430 2454 588 2507 bominibus
600 2454 691 2505 iecisti
701 2452 822 2520 plurium

23 2525 158 2583 eiusmodi
166 2524 315 2590 librorum,
341 2541 423 2594 quam
434 2527 463 2576 in
472 2527 561 2592 Apro,
592 2524 664 2592 quod
675 2521 794 2574 nondum
806 2535 823 2571 a

23 2596 194 2651 scholasticis
214 2598 410 2648 controversiis
429 2597 559 2657 recessit,
588 2597 617 2644 et
637 2593 722 2644 otium
742 2605 821 2642 sunm

23 2666 128 2722 mavult
138 2680 273 2719 novorum
284 2663 428 2718 rhetorum
438 2680 525 2729 more,
536 2677 618 2733 quam
629 2669 753 2715 ueterum
761 2663 820 2712 ora·
859 2689 865 2694 -

23 2747 122 2800 torum,
140 2751 313 2790 corisumere.
