2034 3025
135 87 170 140 ss
222 43 529 140 xansreumnvn
562 48 844 158 [nussa'aawq

136 185 261 246 ob'luera
282 196 311 242 et
330 197 461 257 quaestus
476 189 600 251 infamis,
621 202 711 256 eoque
732 190 840 242 alienae
856 194 961 244 etiem
1013 196 1015 258 l

136 263 232 330 eulpae
243 258 441 312 dissimulator.
455 259 534 310 elam
549 257 654 323 pridem
669 258 781 309 adtritis
790 258 896 324 ltaliae
908 277 960 314 re-

135 332 198 394 bus,
217 335 326 393 tantum
340 328 463 395 peditum
479 327 666 394 equitumque,
684 327 904 394 visvdaonuaque
921 336 959 381 et

69 445 73 468 ,
135 401 254 452 iniuriae
264 412 347 464 aegre
358 395 559 447 tolerabantur.

189 467 273 519 LVll.
309 465 422 518 Interim
434 462 578 526 Vitellius,
594 465 727 518 victoriae
741 480 809 516 suae
821 467 957 528 nescius,

135 542 168 593 ut
178 537 213 588 ad
223 537 361 601 integrum
373 530 484 594 bellum,
500 532 623 598 reliquas
633 533 792 585 Germanici
802 537 958 586 exereitus

136 607 208 657 vires
221 602 358 655 trahebat.
394 600 477 650 Pausi
497 606 622 652 veterum
642 601 759 653 militurn
774 604 802 652 in
819 601 956 654 bibernis

135 675 236 734 relicti,
255 671 393 722 festinatis
404 683 453 736 per
463 668 569 718 Gallias
580 670 742 733 deleatibus,
752 676 786 720 ut
795 685 953 724 remanen-

135 744 206 794 tiurn
225 740 365 806 legionum
386 738 497 788 nomina
523 739 725 802 supplerentur.
772 740 844 788 Cura
862 742 953 806 ripae

136 809 299 860 Hordeonio
314 806 415 857 Flacco
431 805 574 870 permissa:
595 806 853 870 ipeeeBritanniee
864 807 953 861 dele·

93 891 95 899 ·
136 883 182 930 atu
194 881 258 926 octo
268 873 357 924 millia
370 873 422 924 sibi
438 874 573 924 adiunxit.
609 879 647 936 et,
681 890 814 926 ausorum
830 877 951 929 dierum

135 947 189 998 iter
209 957 386 1010 progressus,
400 957 547 1009 prosperas
566 941 640 1008 apud
681 943 891 1008 edriooam-res,
910 963 952 998 aa·

136 1021 221 1066 morte
242 1009 357 1064 Othonis
377 1010 522 1063 concidisse
541 1010 651 1074 bellam,
678 1016 793 1080 aceepit.
830 1013 948 1068 vocata

136 1083 279 1144 concione,
296 1082 427 1131 uirtutem
443 1081 562 1132 militum
578 1080 706 1132 laudibus
720 1081 853 1132 cumulat
891 1083 950 1135 Po·

135 1150 258 1203 stulante
286 1151 418 1212 exercitu,
446 1157 478 1199 at
504 1148 630 1200 libertum
656 1165 742 1213 mam,
778 1147 947 1217 adsistimus,

135 1216 267 1287 Equestri
276 1216 412 1286 dignitate
426 1216 547 1281 donaret,
564 1216 739 1270 inhonestam
749 1218 946 1272 adulationem

136 1288 294 1356 compescit.
330 1283 412 1348 Dein,
439 1285 594 1340 mobilitate
612 1288 727 1357 ingenii,
755 1287 829 1357 quod
849 1289 947 1354 palam

105 1397 112 1402 ,
137 1360 283 1419 abnuerat,
300 1357 492 1408 interseereta
506 1357 621 1407 convivii
632 1355 766 1424 largitum
783 1356 945 1410 bonoravit·

136 1443 190 1496 que
210 1425 370 1484 Asiaticum,
381 1424 480 1488 anulis,
501 1424 614 1477 foedum
634 1427 801 1495 mancipium
817 1431 847 1478 et
860 1427 944 1480 malis

135 1495 439 1549 artibusambitiosuur:

188 1565 286 1618 LVlll.
322 1564 423 1625 lisdem
434 1564 541 1629 diebus,
551 1566 692 1619 accessisse
698 1565 826 1634 portibus
836 1573 944 1619 atram·

137 1650 188 1703 que
214 1633 426 1698 Mauretaniam,
444 1633 591 1707 interfecto
618 1635 804 1687 Procuratore
834 1634 943 1700 Albiso,

137 1705 227 1757 nuntii
234 1717 343 1755 venere.
379 1704 499 1754 Luceius
509 1704 632 1763 Albinus,
651 1718 668 1753 a
679 1702 943 1757 NeroneMaureta·

137 1775 200 1829 niae
211 1772 382 1825 Caesariensi
394 1772 574 1837 praepositus,
585 1770 681 1820 addita
690 1783 740 1834 per
748 1768 866 1821 Galbam
875 1774 943 1825 Τὶῃ.
1013 1829 1015 1838 Ι

47 1866 69 1901 1,
137 1843 248 1909 gitanee
258 1840 415 1907 provinciae
425 1840 674 1900 administratione,
693 1836 767 1889 baud
777 1843 942 1905 spernendis

136 1912 242 1963 viribus
254 1908 361 1974 agebat.
396 1906 469 1958 xix.
481 1904 619 1969 cobortes,
631 1906 751 1975 quinque
761 1907 833 1972 alae,
841 1907 940 1977 ingens

137 1978 301 2029 Maurorum
311 1989 442 2027 numerus
453 1974 558 2036 aderat,
571 1988 626 2040 per
641 1975 787 2027 latrocinia
802 1984 831 2030 et
843 1985 939 2045 raptus

115 2086 117 2091 s
137 2052 201 2114 apta
212 2044 403 2099 bellomanus.
440 2039 630 2107 CaesoGalba,
640 2045 669 2095 in
680 2043 818 2098 Othonem
828 2062 938 2113 pronus,
957 2081 963 2086 -

136 2130 188 2167 nee
206 2111 299 2165 Africa
318 2116 472 2176 contentus,
489 2112 651 2178 Hispaniae,
669 2121 787 2182 angusto
807 2116 879 2169 frete
897 2118 938 2169 di·

135 2190 272 2250 remptae,
281 2181 441 2232 inminebat.
478 2180 938 2239 lndeCluviollufometuszetde·

57 2306 60 2311 ,
136 2252 233 2317 simam
243 2250 372 2321 legionem
378 2248 561 2318 propinquare
570 2252 660 2315 litori,
677 2258 710 2305 ut
718 2256 937 2319 transmissurus,

135 2323 227 2371 iussit:
248 2320 392 2387 praemissi
403 2322 593 2385 Centuriones,
603 2325 650 2390 qui
660 2323 823 2375 Maurorum
834 2324 936 2376 animos

135 2389 250 2442 Vitellio
275 2387 464 2442 conciliarent.
500 2406 589 2458 neque
608 2392 725 2443 arduum
746 2390 811 2455 fuit,
827 2406 934 2458 ‘magna

82 2504 86 2511 ,
134 2471 185 2523 per
201 2458 356 2523 provincias
372 2458 529 2527 Germanioi
550 2462 689 2512 exereitus
704 2459 788 2511 fama.
824 2458 933 2526 Sparge·

134 2526 217 2577 batur
227 2528 349 2591 insuper,
359 2536 447 2592 spreto
458 2527 652 2581 Procuratoris
660 2528 798 2593 uocabulo,
811 2527 933 2582 Autem

133 2592 240 2663 insigne
249 2591 345 2664 Regis,
362 2607 391 2651 et
402 2598 486 2651 lubae
495 2612 591 2652 nomeu
599 2613 741 2668 mopere.
858 2616 864 2622 ·
