2034 3025
97 79 100 84 ’
155 100 215 168 soe
249 99 551 154 u1sromnnvm
587 81 867 168 [musanen]

133 179 142 186 Ἀ
162 205 208 257 Sic
218 205 385 272 Capitolium
394 207 549 272 ingressus,
570 211 651 272 atque
665 207 704 258 ibi
717 212 834 260 matrem
844 209 973 276 comple·

88 313 91 316 >
132 294 135 298 ⁴
160 289 225 337 xus,
235 277 376 342 Augustae
386 275 496 325 nomine
506 272 661 326 bonoravit.
738 329 741 340 ,

212 343 268 394 XC.
305 343 422 394 Postera
432 343 490 411 die,
508 341 650 412 tamquam
661 343 734 410 apud
745 344 860 396 alterius
871 345 974 412 civita·

158 413 196 463 tis
207 410 338 464 Senatum
350 411 554 479 populumque,
573 415 746 481 magnificam
762 415 917 481 orationem
929 415 970 468 de

59 540 62 545 ⁸
158 484 307 548 semetipso
326 484 480 549 prompsit,
508 481 675 535 industriam
694 485 968 551 temperantiamque

158 558 235 620 suam
251 550 379 602 laudibus
393 549 544 602 adtollenst
565 553 680 606 corisciis
696 551 867 618 flagitiorum
885 554 971 618 ipsis,

158 619 205 688 qui
215 620 340 685 aderant,
349 616 479 686 omnique
489 619 580 682 ltalia,
599 635 648 686 per
658 633 739 695 quam
748 636 846 680 somno
857 627 886 674 et
895 622 970 672 luxu

80 741 84 755 ¹
156 687 303 756 pudendus
316 689 476 758 incesserat.
513 689 621 756 Vulgus
637 695 868 753 temen‚vacuum
880 693 971 752 curis,

158 763 187 810 et
201 759 261 809 sine
280 757 342 808 falsi
360 759 473 824 verique
493 757 652 810 discrimine
671 759 768 810 solitas
789 761 969 813 adulationes

158 827 297 886 edoctum,
307 825 428 876 clamore
438 832 467 877 et
482 827 596 878 vocibus
612 828 801 894 adstrepebat:
822 829 970 881 abnuenti·

156 909 210 960 que
220 908 323 944 nomen
332 891 462 963 Augusti,
478 910 653 971 expressere,
665 904 697 949 ut
712 897 884 952 adsumeretr
905 901 969 950 tam

156 961 271 1024 trustra,
291 977 372 1029 quam
385 971 572 1017 recusaverat.
751 985 756 997 ‘
910 1011 913 1014 ,

208 1030 279 1082 xci.
313 1032 395 1100 Apud
405 1037 552 1098 civitatem,
563 1041 662 1087 cuncta
672 1035 910 1103 interpretantem,
923 1032 967 1085 tu.
993 1041 999 1046 '

155 1099 228 1152 nesti
239 1101 339 1152 ominis
349 1101 412 1154 loco
422 1111 566 1170 acceptum
578 1109 628 1166 est,
640 1104 724 1171 quod,
735 1107 884 1156 maximum
892 1103 968 1154 Pon·

154 1169 292 1221 titioatum
307 1170 438 1237 adeptus,
453 1174 583 1226 Vitellius
599 1173 633 1234 de
648 1176 830 1224 caeremoniis
846 1173 967 1238 publicis

155 1235 216 1290 XV.
228 1237 293 1289 Kal.
303 1239 371 1305 Aug.
383 1240 526 1302 edixisset,
542 1242 693 1307 antiquitus
703 1239 826 1292 infausto
836 1241 883 1290 die
899 1241 967 1291 Cre·

155 1310 276 1359 merensi
291 1307 461 1375 Alliensique
480 1307 614 1359 cladibus.
651 1307 721 1358 adeo
742 1309 831 1370 omnis
846 1305 966 1360 humaui

155 1376 296 1445 divinique
305 1377 375 1427 iuris
385 1392 492 1443 expers,
509 1379 569 1444 pari
579 1377 742 1438 libertorum
753 1377 966 1444 amicorumque

99 1486 102 1492 .
155 1447 293 1510 socordia,
303 1446 382 1498 velut
395 1448 469 1498 inter
483 1445 653 1498 temulentos
668 1446 776 1514 agebat.
812 1443 869 1496 Sed
880 1447 966 1495 comi·

154 1518 198 1569 tia
208 1517 358 1570 Consulum
368 1533 431 1569 oum
442 1518 596 1569 candidatis
608 1515 726 1569 civiliter
734 1516 888 1577 celebrans,
908 1530 966 1565 om-

155 1601 219 1639 nem
230 1588 341 1653 iniimee
351 1587 440 1655 plebis
449 1602 600 1649 rumorem,
611 1584 761 1653 intheatro
771 1589 804 1636 ut
813 1588 965 1649 spectator,

154 1658 185 1706 in
196 1658 270 1708 circo
280 1661 313 1707 ut
327 1656 438 1720 fautor,
456 1656 618 1708 adfectavit.
654 1669 738 1721 quae,
761 1659 842 1722 grata
856 1658 965 1705 sancet

155 1725 315 1793 popularia,
334 1726 546 1777 siavirtutibus
556 1724 809 1789 proficiscerentur,
829 1722 965 1773 memoria

156 1794 231 1844 vitae
241 1792 350 1859 prioris,
360 1793 493 1845 indecora
508 1800 537 1845 et
546 1791 835 1855 viliaaccipiebantur.
870 1788 964 1841 Venti·

156 1861 234 1913 tabat
244 1862 272 1912 in
284 1860 430 1925 Senatum3
450 1862 535 1913 etiam
550 1874 612 1911 cum
623 1861 715 1927 parvis
726 1860 852 1911 derebus
863 1859 962 1911 Patres

158 1931 381 1983 consulerentur.
416 1931 455 1981 Ac
465 1930 538 1981 forte
547 1928 659 1981 Priscus
668 1927 828 1993 Helvidius,
846 1927 964 1979 Praetor

156 1998 326 2065 designatus,
336 2003 434 2049 contm
443 1998 566 2048 studium
577 1998 636 2048 eius
647 2002 801 2049 censuerat.
838 1998 965 2047 Commo·

64 2129 65 2134 Ἰ
155 2072 202 2119 tus
213 2070 303 2133 primo
313 2066 454 2129 Vitellius,
463 2080 520 2117 non
530 2070 624 2117 umen
634 2065 720 2128 ultra,
731 2080 813 2134 quam
828 2063 964 2119 Tribunos

153 2134 240 2208 piebis
249 2136 279 2187 in
288 2134 423 2188 caulium
433 2142 540 2201 spretae
546 2134 694 2201 potestatis
703 2136 855 2187 advocavit.
884 2135 964 2199 Mox,

156 2205 347 2273 mitigantibus
366 2206 472 2267 anneis,
491 2205 538 2273 qui
559 2204 687 2257 altiorem
708 2204 879 2257 iracundiam
901 2205 963 2255 eius

156 2276 332 2337 verebantur,
349 2272 421 2326 nibil
428 2272 638 2337 nosiacer‘diese
662 2274 814 2341 respondit,
832 2273 963 2337 praedae

159 2342 303 2397 Senatores
313 2343 342 2397 t‘n
351 2341 500 2410 Republica
516 2342 706 2399 dissentirent.-
723 2342 831 2395 solitam
842 2341 962 2393 ucetiam

161 2413 299 2467 Thraseae
318 2412 512 2468 contradicere.
543 2413 667 2466 ‘inrisere
686 2412 811 2478 plerique
829 2410 963 2475 inpuden-

158 2486 225 2537 tiam
235 2482 442 2535 aemulationisz
461 2481 562 2533 aliisid
573 2484 660 2549 ipsum
672 2481 812 2549 placebat,
832 2479 906 2547 quod
917 2494 962 2531 ne-

158 2554 258 2605 minem
269 2566 303 2604 ex
313 2552 555 2619 praepotentibus,
575 2552 625 2607 sed
639 2548 807 2613 Thraseam,
825 2549 862 2602 ad
873 2563 949 2601 exem

158 2622 219 2688 plar
227 2636 310 2676 verae
320 2623 427 2691 gloriae
436 2621 560 2690 legisset.
