2034 3025
158 77 193 132 eo
253 44 867 148 ursroamaum[numanum

126 179 135 188 ⁵
158 189 253 242 odium
264 194 313 239 aut
322 189 469 241 admiratio
482 189 544 251 fuit,
559 188 634 262 peric
643 187 801 253 prodidere.
825 187 890 248 Alii,
901 202 971 253 sup·

158 258 271 326 pliciter
281 255 614 326 interrogasseqnidmati
623 255 782 317 meruisset?
792 261 898 322 paucos
908 255 971 306 dier

152 327 316 380 exsolvendo
330 327 458 379 donativo
474 328 650 392 deprecatum
657 341 681 375 t..
693 325 803 391 plures,
816 324 970 376 obtulisse

157 397 235 448 ultro
246 397 453 462 percussoribus
463 395 604 462 iugulum,
621 402 737 461 agerent
746 391 923 463 referirent,
941 393 969 445 η’

157 464 200 517 ita
211 481 224 516 e
234 463 384 532 Republica
395 464 540 516 rideretur.
562 477 618 513 non
628 461 757 513 interfuit
766 462 968 525 occidentium,

160 533 226 600 quid
235 534 350 584 diceret
387 534 428 584 De
439 545 603 598 percussore
613 544 669 582 non
684 531 754 581 satis
763 535 880 581 constat
903 535 968 598 qui·

158 599 396 657 damTerentium
409 601 575 667 Euocatum,
595 598 820 659 emmonim,-
839 601 968 652 crebrior

159 668 234 721 fama
242 669 359 750 tradidit
367 665 525 749 Camurium
531 665 561 719 X
567 666 598 719 V.
607 667 722 749 legionis
732 666 853 731 militem,
862 667 969 734 inpres-

157 737 676 874 tutti?strictitudinis,
699 738 791 857 liiii
806 739 968 858 ibitis

158 875 292 993 pleraqgre
307 875 424 926 vulnera
438 872 551 928 feritate
566 881 595 927 ct
604 875 720 927 saevitia
729 876 895 928 truncoiam
904 889 965 927 cor·

179 944 249 994 oria
269 945 350 995 iectu
498 985 505 1004 ,
759 953 762 957 ’

131 1043 135 1047 -
158 957 177 1010 P
194 1011 298 1063 'XLll
334 1013 429 1063 Titum
444 1010 509 1064 inde
529 1013 641 1065 Vinium
656 1014 791 1064 invasere.
817 1011 852 1064 de
866 1025 923 1079 quo
934 1018 965 1064 et

70 1100 74 1107 ·
159 1081 219 1147 ipso
234 1081 402 1150 ambigitur,
416 1084 655 1149 consumpseritne
670 1096 765 1132 rocem
781 1083 841 1132 eius
854 1082 965 1131 instans

159 1153 259 1210 metus,
280 1165 316 1200 an
327 1151 547 1215 proclamaverit,
564 1168 617 1203 non
628 1166 683 1201 esre
693 1151 726 1201 ab
738 1147 844 1202 Othone
854 1149 965 1201 manda·
991 1158 996 1162 ”

159 1225 227 1280 tum,
242 1225 276 1268 ut
286 1218 460 1270 occideretur.
496 1219 578 1280 Quod
588 1234 638 1270 seu
647 1219 895 1281 tinxit-formidine,
910 1232 963 1268 scu

159 1288 357 1340 conscientiam
368 1288 566 1349 coniurationis
576 1286 719 1339 consessus
729 1293 783 1340 cst:
804 1287 858 1340 buc
868 1287 962 1354 potius

160 1357 220 1408 clus
231 1357 288 1406 vita
300 1355 427 1423 famaque
436 1357 562 1420 inclinat,
571 1364 603 1409 ut
613 1358 739 1408 conscius
749 1354 862 1410 sceleris
867 1354 962 1417 fuerit,

159 1424 238 1476 cuius
250 1440 348 1478 caussa
359 1430 428 1476 erat.
455 1427 526 1478 Ante
536 1427 632 1479 aedem
643 1427 678 1479 D.
688 1428 753 1479 lulii
762 1427 858 1489 iacuit,
872 1425 961 1493 primo

150 1493 219 1547 ictus
226 1495 255 1545 in
264 1494 407 1562 poplitem,
421 1507 486 1547 mox
496 1512 514 1547 u
523 1497 594 1549 lulio
606 1497 686 1561 Caro,
700 1496 854 1566 legionario
864 1493 962 1555 milite,

158 1569 309 1631 utrumque
318 1565 392 1616 latus
402 1566 651 1617 transverberatus.

213 1632 312 1685 XLlll.
348 1634 486 1700 Insignem
511 1634 562 1684 illa
586 1635 632 1685 die
653 1634 743 1683 virum
768 1632 961 1698 Sempronium

158 1700 284 1753 Densum
296 1705 373 1753 actas
388 1706 485 1751 nostra
499 1701 576 1751 vidit
614 1701 747 1751 Centurio
759 1701 785 1747 is
800 1700 963 1752 Praetoriae

160 1767 298 1835 cohortis,
315 1784 332 1819 a
342 1768 431 1819 Galba
446 1768 588 1821 custodiae
598 1768 706 1817 Pisonis
717 1766 842 1827 additus,
861 1768 961 1820 stricto

148 1838 280 1904 pugione
291 1850 437 1888 occurrens
452 1838 568 1886 armatis
582 1839 611 1885 et
620 1835 711 1886 scelus
722 1834 910 1901 exprobrans,
930 1852 962 1889 ac

160 1906 243 1957 modo
254 1910 348 1967 manu,
365 1904 449 1955 modo
459 1917 536 1965 voce,
553 1904 686 1953 vertendo
696 1904 725 1953 iu
736 1919 766 1955 se
776 1916 962 1970 percussores,

160 1987 326 2040 quamquam
337 1973 483 2023 vulnerato
494 1972 587 2022 Pisoni
598 1970 730 2040 effugium
738 1973 821 2026 dedit.
857 1973 922 2025 Piso
933 1977 962 2026 in

87 2098 89 2103 ¹
159 2040 257 2091 aedem
277 2042 380 2093 Vestae
399 2040 534 2105 pervasit,
565 2048 751 2111 exceptusque
769 2043 962 2096 misericordia

159 2108 263 2177 publici
273 2110 345 2159 servi
355 2114 384 2160 et
394 2109 577 2161 contubernio
588 2112 648 2162 eius
657 2112 776 2177 abditus,
786 2128 841 2163 non
852 2112 960 2178 religio

160 2191 210 2238 ne,
228 2192 280 2229 nec
295 2178 482 2241 caerimoniis,
506 2180 555 2231 sed
571 2180 679 2232 latebra
691 2182 827 2235 inminens
846 2182 959 2237 exitium

159 2244 320 2301 differebat:
346 2262 407 2299 cum
422 2246 572 2312 advenere,
590 2252 675 2301 missu
690 2251 819 2314 Othonis,
838 2250 960 2301 nomina·

160 2315 210 2367 tim
220 2316 248 2366 in
259 2316 371 2368 caedem
383 2318 440 2369 eius
451 2318 589 2380 ardentes,
605 2312 744 2385 Sulpicius
753 2322 862 2382 Florus,
877 2319 962 2371 eBri·

160 2386 280 2437 tannicis
290 2384 466 2450 cohortibus,
485 2402 574 2454 nuper
584 2404 601 2438 a
612 2388 703 2441 Galba
712 2392 824 2441 civitate
834 2388 961 2453 donatus,

116 2458 124 2502 .“
162 2458 191 2507 et
206 2450 312 2505 Statius
327 2456 455 2519 Murcus,
473 2458 643 2523 speculator:
663 2475 681 2512 a
693 2462 792 2529 quibus
806 2463 961 2527 protractus

162 2522 236 2585 Piso,
254 2524 282 2573 in
295 2523 401 2577 foribus
411 2526 508 2591 templi
520 2529 685 2581 trucidatur.

213 2591 311 2651 xliv.
348 2594 459 2649 Nullam
470 2598 585 2651 caedem
596 2598 671 2652 Otho
682 2600 787 2657 maiore
797 2597 907 2651 laetitia
915 2610 952 2677 er
