2034 3025
93 129 175 187 LiB.
185 130 249 187 XV.
268 133 352 187 GAP.
362 131 485 189 61-63.
504 130 550 201 [A.
559 127 661 201 V.819.
672 130 706 209 A
719 132 749 186 C.
761 133 814 203 bi]
834 130 886 190 385

76 254 130 307 que
144 237 382 300 nominePieonie,
401 237 500 303 quoda
514 233 621 289 ruendo
638 252 668 287 eo
683 236 887 305 prohiberetur,

77 321 156 374 aeque
169 306 305 359 rationem
319 305 485 359 ualetudinis
495 314 523 357 et
532 320 649 358 amorem
663 304 761 374 quietis
777 321 888 361 exeusa-

76 376 153 439 uiue,
165 376 320 443 respondit.
357 373 413 427 Gur
422 378 538 427 satutem
543 372 651 441 priuati
661 374 775 441 borninir
785 373 888 429 intabu-

76 444 246 502 mitatieuee
256 444 419 564 anteferret,
430 458 554 496 caussam
564 460 618 496 non
628 440 758 495 babuisse.
777 460 824 496 nec
834 444 887 499 ribi
942 491 944 495 .

73 523 231 584 promptum
245 511 276 568 in
288 530 306 566 a
325 513 459 567 ulationee
471 511 617 581 ingenium.
653 512 736 579 idque
750 512 885 568 nullima·

74 584 262 655 giegnarum,
280 598 362 653 quarn
371 582 485 646 Neroni,
501 580 549 650 qui
558 582 828 652 saepiuelibertotem
839 583 885 637 Se-

76 669 172 717 necae,
191 668 272 722 quam
290 651 431 705 eeroitium
450 659 579 719 expertut
597 661 674 705 erret.
711 654 767 705 Vbi
783 650 886 708 haece

76 725 205 776 Tribuno
214 741 217 747 Δ
226 722 319 775 relata
329 728 404 785 sunt,
423 722 555 788 Poppaea
570 720 601 776 et
615 722 758 791 Tigellino
779 738 885 789 ceram,
898 729 909 745 ·’

77 793 154 862 qnod
169 797 232 843 erat
247 793 385 844 saevienti
395 792 520 858 Principi
540 792 671 845 intimum
691 793 885 856 consiliorum,

75 864 251 929 interrogat:
269 878 305 913 aa
316 859 417 914 seneen
430 859 615 914 voluntariam
624 870 737 914 mortem
748 860 885 929 pararet?

76 932 309 994 TumTribunns,
318 932 394 983 nubta
400 930 512 999 pauoris
522 928 611 999 rigna,
621 930 691 984 nibil
699 930 779 993 triete
789 932 818 985 in
827 949 884 985 oer-

5 1035 6 1038 =
76 1000 117 1053 bie
132 1000 190 1052 eiue
204 1007 255 1050 aut
268 1001 346 1052 onitu
360 998 564 1067 deprehensum,
584 1002 770 1053 confirmavit.
807 1004 884 1071 Ergo

75 1070 187 1139 regredi
201 1076 229 1120 et
243 1065 361 1121 indicere
375 1065 488 1121 mortem
503 1069 626 1123 iubetur.
663 1070 765 1121 Tradit
780 1070 885 1125 Fabius

75 1139 219 1202 Rusticus,
230 1155 283 1191 non
292 1154 330 1202 eo,
341 1152 393 1207 quo
403 1146 525 1201 uenerat,
536 1139 635 1194 itinere
645 1139 772 1203 reditum,
783 1139 885 1209 eedfle·

77 1208 150 1262 eine
164 1207 203 1259 ad
210 1207 339 1272 Feriam,
359 1208 553 1281 Praefectum,
573 1217 602 1261 et
617 1208 746 1277 expositio
759 1206 885 1263 Caesarie

76 1277 167 1342 iutrie,
185 1294 222 1332 an
236 1278 442 1347 obtemperaret,
454 1278 668 1348 interrogarem
675 1296 686 1340 ,·
703 1279 885 1345 monitumque

77 1347 112 1401 ab
123 1365 163 1411 eo,
172 1356 206 1398 ut
215 1357 407 1414 exaequeretur
413 1364 425 1410 ,·
442 1346 525 1399 fatali
536 1350 660 1400 omnium
670 1350 791 1415 ignavia.
820 1364 886 1399 num

78 1422 109 1469 et
119 1416 249 1471 Silvanus
260 1419 337 1469 inter
355 1418 519 1469 coniuratos
537 1423 610 1480 erat,
631 1419 809 1483 augebatque
826 1432 885 1469 see·

75 1485 147 1552 lca,
163 1488 193 1538 in
204 1503 323 1556 quorum
333 1486 472 1540 ultionem
483 1492 676 1540 consenserat.
712 1485 778 1538 Voci
789 1490 885 1538 tamen

78 1561 109 1608 et
128 1556 274 1625 adspectui
294 1557 430 1623 pepercit.
465 1555 680 1623 intromisitque
697 1555 732 1607 nti
749 1554 885 1607 Senecam

76 1639 164 1678 unum
185 1641 221 1677 ex
240 1626 467 1689 centurionibus,
487 1625 536 1694 qui
554 1624 741 1680 necessitatem
761 1623 885 1676 ultimam

77 1693 269 1747 denuntiaret.

128 1764 217 1817 [ΧΗ.
235 1763 285 1816 llle
302 1764 456 1816 interritus
473 1763 567 1833 puscit
585 1761 740 1817 testamenti
760 1761 885 1817 tabulae:

77 1849 125 1898 ae,
145 1833 305 1900 denegante
325 1833 515 1898 Centurione,
541 1848 693 1887 conversus
713 1833 749 1886 nti
769 1835 884 1896 amieos,

76 1902 184 1971 quando
198 1901 303 1954 meritis
316 1917 410 1954 eorum
423 1904 530 1976 referre
543 1902 668 1972 gratiam
684 1902 885 1970 prohiberetur,

77 1972 155 2042 quod
164 1987 250 2023 unum
262 1973 318 2023 iam
330 1976 359 2024 et
369 1970 584 2038 pulcherrimum
594 1969 726 2037 habebnt,
737 1972 885 2043 imaginem

75 2042 152 2094 ritae
166 2055 231 2093 tuae
243 2041 406 2108 relinquere,
426 2047 564 2094 testatur:
583 2041 660 2093 cuiue
670 2041 695 2094 ri
703 2058 831 2096 memoret
847 2059 886 2095 er·

77 2119 147 2174 tent,
167 2109 411 2162 bonarumartium
426 2111 545 2183 somam,
566 2111 891 2166 tumconetantieamici·.

77 2178 135 2234 tiae
146 2181 259 2232 laturae.
292 2179 382 2231 Simul
392 2180 521 2231 lacrimas
533 2194 639 2244 eorum,
649 2181 733 2234 modo
745 2194 885 2243 sermone,

76 2249 164 2302 modo
174 2250 328 2312 intentior,
346 2249 375 2298 in
386 2248 498 2300 modurn
508 2251 675 2312 coercentis,
689 2250 725 2301 ab
735 2249 885 2302 firmitudi-

78 2333 144 2371 nem
156 2325 279 2382 rerocat,
288 2317 431 2386 rogitans3
449 2316 496 2368 ubi
502 2325 650 2384 praerepta
660 2318 826 2384 rapientiaei
840 2318 887 2370 ubi

77 2397 180 2456 rotper
200 2403 285 2442 annot
304 2386 437 2438 meditata
457 2385 532 2438 ratio
552 2386 692 2439 aduersum
711 2387 887 2442 inminentia?

78 2456 133 2510 Cui
143 2456 213 2510 enim
227 2458 356 2527 ignaram
364 2455 457 2526 fuitne
472 2453 614 2508 eaeoitium
625 2455 768 2521 Neronia?¹
795 2456 886 2523 Neque

3 2568 4 2573 κ
76 2525 309 2594 aliuteupereme,
325 2533 389 2592 port
403 2533 518 2577 matrem
530 2523 705 2596 fratremque
715 2526 886 2598 interfector,

3 2654 5 2661 ,
76 2611 159 2665 quam
170 2605 202 2648 ut
212 2593 366 2648 educatoris
373 2594 610 2661 praeceptorisque
620 2611 710 2647 necem
721 2595 859 2647 adiiceret.

2 2796 51 2984 A

123 2665 231 2732 ἼΙΑΗΙΙ.
249 2661 388 2722 Vb'rbaec
404 2669 490 2734 atque
506 2663 576 2718 talia
589 2665 619 2715 in
635 2677 781 2718 commune
801 2664 887 2718 disse·

103 2733 240 2791 1ΤΔοιτνε
256 2734 279 2788 1.
625 2731 678 2786 Bb
696 2743 700 2749 ·
