2034 3025
139 61 522 117 insinuaremus
543 29 727 120 oana--s
782 67 836 122 sos

49 169 94 227 illo
103 175 156 242 igue
165 185 258 224 vocem
269 171 368 239 Populi
380 172 496 224 Romani
508 177 537 222 et
547 172 705 224 libertatem
716 149 836 224 Senatus
848 166 854 208 ¹

49 249 75 300 et
87 243 268 296 conscientiam
282 242 394 308 generis
413 237 529 291 humani
544 241 652 293 aboleri
662 241 836 293 arbitraban-

48 320 96 376 tur,
109 311 222 378 expulsis
233 314 345 377 insuper
356 311 509 377 sapientiae
519 310 734 378 professoribus,
751 314 837 430 atqqr:

15 407 17 412 s
47 383 112 434 omni
122 383 188 434 bona
198 386 260 432 orte
271 382 299 430 in
310 379 424 432 exilium
435 385 515 444 acta,
535 395 570 432 ne
581 379 646 448 quid
659 393 777 446 usquam

45 455 323 512 nestumoccurreret.
359 449 496 502 Dedimus
517 448 643 516 profecto
663 446 770 517 mode
789 463 837 514 pa-

44 522 146 572 tiontiae
155 519 363 571 documentum:
374 524 411 580 et,
421 520 493 569 sicut
502 524 582 570 vetus
592 523 670 570 aetas
679 516 837 584 viditquid
853 561 857 583 ‚

44 589 158 640 ultimum
168 589 195 638 in
206 588 336 638 libertate
347 593 445 650 esset,¹
453 589 494 638 ita
504 602 564 651 nos,
578 587 645 656 quid
655 588 836 650 inserviente,

42 658 159 721 adempto
178 671 228 732 per
243 657 437 724 inquisitiones
454 661 484 708 et
497 657 627 725 loquendi
647 655 837 723 audiendique
902 659 904 665 '
944 671 949 683 ‘

43 726 204 778 commercio.
226 725 389 776 Memoriam
402 739 513 792 quoque
524 729 613 793 ipsam
623 740 686 776 cum
697 739 765 776 voce
776 739 850 790 per··

41 793 201 857 didissemus,
212 795 237 845 si
247 799 305 846 tam
316 795 344 844 in
355 797 452 865 nostro
463 799 604 862 potestate
616 799 691 847 esset
700 793 838 857 oblivisci,
853 799 855 805 '

57 877 114 914 uam
125 869 224 917 tacere.
281 914 285 918 ,
378 865 405 875 ”
896 880 925 890 ”·

40 880 55 932 q
94 933 138 985 lll.
155 931 233 986 Nunc
253 931 460 1002 demum'redit
473 933 595 983 animust
615 938 645 986 et
660 936 839 1001 quamquain,
911 923 915 930 ’

37 1002 120 1069 primo
135 1005 227 1054 statim
246 1002 403 1053 beatissimi
413 1002 518 1053 saeculi
533 1007 610 1062 ortu,
628 1001 839 1053 Nerracaesar

37 1086 79 1123 res
93 1070 156 1122 olim
175 1069 367 1122 dissociabiles
382 1071 538 1132 miscuerit,
558 1068 748 1135 principatum
757 1085 791 1120 ac
800 1069 839 1119 -lt-

36 1141 180 1202 bertatem,
209 1143 367 1206 augeatque
393 1138 519 1206 quotidie
541 1136 705 1190 felicitatem
723 1138 839 1204 Imperii
862 1137 866 1145 ’

35 1209 125 1262 Nerva
134 1209 282 1271 Traianus,
294 1223 346 1260 nec
357 1222 433 1274 spem
444 1207 529 1259 modo
541 1223 574 1258 ac
583 1213 681 1259 votum
691 1206 838 1260 Securitas

34 1279 155 1346 publica,
182 1277 233 1330 sed
243 1278 330 1344 ipsius
341 1278 400 1329 voti
416 1275 701 1340 fiduciamacrobur,
728 1275 839 1328 adsum-

33 1348 133 1414 pserit:
155 1353 258 1398 natura
269 1352 363 1397 tamen
375 1346 554 1397 infirmitatis*
561 1344 700 1398 humanae
710 1344 838 1396 tardiora
901 1358 905 1367 ⁸

31 1419 98 1466 sunt
109 1415 245 1476 remedia,
269 1426 351 1481 quam
362 1413 450 1476 mala3
468 1419 511 1477 et,
528 1419 562 1465 ut
572 1428 692 1484 corpora
702 1415 780 1464 lente
790 1428 838 1464 au·

31 1488 163 1551 gescunt,
186 1485 243 1535 cito
256 1485 489 1551 exstinguuntur,
508 1482 837 1552 sicingenlastudiaque

31 1555 207 1617 oppresseris
218 1552 345 1615 facilius,
358 1568 440 1620 quam
451 1554 639 1604 revocaveris.
668 1551 750 1605 Subit
759 1553 839 1619 quip-

30 1635 66 1689 pe
76 1621 163 1673 'etiam
174 1622 263 1696 ipsius
273 1622 394 1673 inertiae
406 1620 540 1674 dulcedo:
551 1628 582 1674 et
591 1622 683 1675 inrisa
691 1622 783 1690 primo
791 1614 846 1674 de·x

27 1688 103 1741 sidia
122 1696 267 1757 postremo
287 1695 406 1742 ansatur.
442 1688 534 1752 Qnidt
560 1691 657 1758 siper
677 1690 838 1761 quindecim

25 1774 134 1821 annos,
153 1758 260 1827 grande
271 1759 400 1810 mortalis
412 1761 474 1811 aevi
485 1760 622 1826 spatium,
644 1760 727 1812 multi
737 1758 852 1811 fcrtula

24 1828 64 1878 tis
76 1828 205 1893 casibus,
233 1829 461 1895 promptissimus
473 1829 592 1896 quisque
602 1827 721 1880 saevitia
731 1827 839 1879 Princi·
897 1873 900 1886 ,

19 1896 80 1963 pis,
99 1896 325 1949 interciderunt!
340 1894 434 1961 Pauci,
449 1903 481 1949 ut
491 1898 535 1949 ita
544 1896 674 1961 dixerim,
685 1895 838 1952 uou'modo

21 1964 158 2030 aliorum,
176 1966 325 2019 sedetiam
335 1969 426 2019 nostri
437 1967 607 2032 superstites
617 1982 727 2030 sumum
746 1980 838 2019 exem·

20 2034 82 2100 ptis
94 2049 110 2085 e
122 2035 218 2087 media
227 2038 286 2087 vita
297 2041 341 2089 tot
351 2037 446 2099 aunis,
474 2036 575 2104 quibus
585 2037 701 2088 iuvenes
712 2034 748 2087 ud
758 2045 843 2089 sene-'

20 2106 150 2168 ctutem,
174 2120 257 2157 senes
269 2121 356 2172 prope
367 2106 403 2157 ad
412 2108 488 2173 ipsos
499 2108 615 2159 exactae
626 2107 730 2157 aetatis
741 2107 839 2157 termi-

19 2184 93 2235 nos,
122 2188 177 2239 per
198 2174 341 2225 silentium
358 2177 493 2227 venimus.
530 2190 587 2226 non
607 2181 704 2227 tamen
718 2174 838 2241 pigebit,

17 2239 68 2290 vel
79 2240 233 2293 incondita
244 2258 275 2293 ac
286 2243 348 2293 rudi
361 2258 441 2306 voce,
460 2244 625 2295 memoriam
635 2244 739 2311 prioris
749 2242 837 2293 serri-

17 2311 107 2375 tutis,
124 2326 159 2363 ac
170 2312 365 2363 testimouium
375 2315 566 2379 praesentium
576 2314 715 2365 bonorum
726 2324 837 2377 compo·
858 2346 861 2349 ⁴

15 2378 128 2433 suisse.
169 2380 351 2433 Hicinterim
360 2377 544 2434 liberhonori
555 2382 717 2449 Agricolae,
743 2377 836 2431 soceri

15 2450 93 2513 mei,
124 2448 303 2513 destinatus,
328 2450 504 2519 professione
516 2452 693 2519 pietatisaut
702 2447 836 2501 laudatus

15 2518 83 2582 erit,
105 2525 161 2571 aut
172 2525 331 2571 excusatus.
792 2527 794 2532 “

68 2586 121 2644 1v.
143 2590 255 2655 Cuaeus
267 2590 352 2641 lulius
362 2590 501 2677 Agricola,
517 2588 607 2656 veteri
618 2592 648 2641 et
657 2585 772 2641 inlustri
780 2583 836 2644 For
