2034 3025
102 134 186 189 sin.
196 134 255 191 111.
273 132 472 187 caes-ro.
493 134 536 202 [A.
546 132 579 187 v.
591 140 648 201 773·
666 134 875 229 nas-Qu

65 244 209 306 iuvenem,
229 250 307 294 sueta
325 257 393 309 erga
402 241 646 293 filiusfamiliarum
658 242 765 295 nobiles
776 244 873 295 libera·

64 314 145 365 lita‘te
156 318 248 380 auget.
283 314 392 363 Drusus
404 312 507 373 Pisoni,
518 310 543 362 ri
552 326 616 365 reru
631 310 742 382 forent,
756 328 824 379 quae
834 312 872 365 ir-

64 391 200 444 rermtur,
207 382 385 449 praecipuam
394 380 519 433 indolere
525 396 602 431 tuum
613 382 708 442 lucum,
718 382 873 447 responditz

64 453 111 504 red
117 450 281 522 mallesalra
292 460 320 503 et
328 446 434 513 inania,
443 466 491 503 nec
501 448 627 515 cuiquam
637 456 749 501 mortem
763 449 873 503 Germe·

63 520 120 575 aiei
130 520 284 573 exitiorum.
320 520 401 572 llaec
410 520 511 587 palam,
528 526 557 571 et
568 520 654 571 vitato
666 520 740 569 omni
751 526 872 571 secreto:

63 605 154 656 neque
166 588 367 641 dubitabantur
376 592 547 656 praescripta
558 590 583 641 ei
594 603 611 641 a
621 590 744 651 Tiberio,
761 604 823 640 cum
834 590 874 639 in·

65 659 184 711 callidus
196 660 301 727 alioqui
312 656 440 711 etfacilis
455 661 579 725 iurante,
594 658 728 713 senilibus
738 664 799 711 tum
809 658 874 709 arti·

65 729 118 781 bus
128 734 266 781 uteretur.
391 770 395 775 .

117 797 168 849 lx
195 797 260 849 Piso
279 796 437 850 Dalmatico
456 800 526 849 mari
545 798 689 863 tramisso,
714 796 874 865 relictisque

67 867 140 935 apud
150 867 292 918 Anconam
303 868 433 929 naribus,
443 883 494 934 per
505 866 644 931 Picenum,
655 884 688 919 ac
698 882 761 919 mox
772 868 875 919 Flami-

65 940 142 987 niam
153 938 235 998 mam,
246 936 409 1003 adsequitur
419 937 445 987 le
467 940 566 997 onem,
582 952 653 1003 quae
665 937 835 989 oPannonia
843 938 872 988 in

68 1008 174 1067 urbem,
195 1004 259 1056 dein
269 1006 441 1072 praesidioA
455 1009 540 1067 ricae,
550 1006 710 1057 ducebatur.
730 1022 817 1075 eaque
828 1019 874 1058 rer

48 1074 50 1077 ⁴
66 1074 177 1143 agitata
189 1076 360 1138 rumoribus,
380 1083 413 1125 nt
421 1073 452 1127 in
460 1074 571 1143 agmine
579 1084 660 1142 alque
670 1074 769 1127 itinere
780 1074 873 1127 crebro

66 1159 94 1195 re
104 1141 238 1195 militidnr
248 1144 445 1197 ostentavisset.
482 1144 524 1194 Ab
545 1142 657 1207 Narnia,
677 1144 808 1197 vitandae
828 1160 873 1198 su·

66 1214 206 1278 spicionis,
226 1229 275 1275 an,
296 1214 361 1281 quia
378 1210 487 1279 paridis
504 1212 619 1265 consilia
635 1215 663 1264 in
676 1217 784 1266 incerto
799 1220 872 1277 sunt,

66 1280 145 1335 Nare
155 1296 261 1333 acmox
270 1282 367 1333 Tiberi
380 1283 521 1345 devectus,
541 1285 619 1333 auxit
632 1282 708 1350 vulgi
721 1286 787 1347 iras,
807 1286 874 1352 quia
911 1342 915 1349 ,

67 1364 169 1402 navem
182 1351 290 1402 bimulo
301 1354 450 1403 Caesarum
465 1350 628 1418 adpulerat3
647 1353 746 1421 dieque
766 1359 795 1405 et
814 1357 873 1419 ripe

67 1417 217 1486 frequenti,
239 1436 339 1488 magno
350 1420 492 1473 clientium
503 1423 614 1487 agmine
624 1422 692 1486 ipse,
709 1421 873 1474 feminarum

66 1490 202 1540 comitatu
213 1489 357 1555 Plancina,
372 1497 407 1542 'et
416 1489 494 1540 vultu
509 1490 615 1540 alacres
625 1490 773 1542 incessere.
810 1490 875 1542 Fuit

63 1561 141 1610 inter
149 1560 331 1612 inritamenta
340 1561 461 1612 invidiae
471 1559 570 1610 domus
582 1558 643 1609 foro
658 1559 817 1619 imminens,
837 1558 875 1610 se·

64 1633 111 1684 sta
125 1634 241 1691 ornatu,
261 1630 472 1698 conviviumque
489 1633 518 1681 et
533 1627 644 1695 epulae,
665 1632 693 1680 et
711 1628 875 1682 celebritate

62 1696 361 1750 locinihiinccultum.
904 1713 909 1720 ·

118 1768 156 1818 X
166 1766 284 1818 Postera
294 1769 339 1820 die
350 1767 494 1820 Fulcinius
504 1769 573 1820 Trio
583 1765 712 1818 Pisonem
723 1765 795 1835 apud
807 1767 876 1820 con·

65 1835 142 1887 sules
152 1837 313 1904 postulavit.
332 1842 430 1888 contra
440 1838 574 1890 Vitellius
589 1853 621 1888 ac
630 1825 782 1914 Veranius,
803 1843 874 1890 eete-

65 1907 156 1973 rique‚
174 1905 371 1958 Germanicum
382 1907 517 1970 comitati,
537 1906 700 1968 tendebant,
720 1909 875 1961 nullarerre

63 1982 160 2042 parter
174 1972 272 2027 Trioni
277 1991 289 2036 ,·
307 1989 391 2041 neque
401 1991 427 2028 re
438 1983 608 2028 accusatores
613 2013 622 2040 ,
642 1972 689 2028 red
702 1991 793 2028 rerum
808 1975 876 2028 indi-

64 2059 108 2094 ces
119 2051 148 2094 et
159 2044 388 2108 termenandum
402 2044 728 2111 Germanieiperlaturor.
757 2045 818 2109 lile,
837 2045 876 2098 di·
979 2100 984 2109 Ι

64 2115 153 2172 missa
164 2115 225 2164 eius
236 2129 351 2166 caussae
362 2114 510 2178 delatione,
530 2123 563 2166 ut
573 2114 694 2182 priorem
704 2113 789 2167 citum
799 2130 876 2167 cecu-

65 2189 153 2244 raret,
175 2183 304 2246 obtinuit,
323 2185 495 2253 petitumque
506 2189 550 2236 est
561 2199 577 2234 a
588 2184 725 2250 Principe,
745 2183 877 2253 cognitio·

64 2266 127 2304 nem
137 2251 288 2318 exciperet.-
298 2253 372 2320 quod
381 2269 417 2306 ue
426 2269 491 2305 reus
502 2253 613 2322 quidem
625 2253 773 2316 abnuebat,
783 2253 876 2305 studia

64 2320 164 2388 populi
179 2326 209 2372 et
221 2321 337 2372 Petrum
356 2328 495 2386 metuens3
517 2327 622 2385 contra,
646 2320 786 2374 Tiberium
804 2337 877 2390 rpor-

65 2388 163 2443 nendir
177 2390 330 2442 rumoribus
343 2391 475 2454 validiori,
494 2399 522 2442 et
536 2391 715 2444 eonscientiae
729 2391 827 2444 matris
836 2391 878 2444 in-

65 2475 169 2512 nexum
178 2475 250 2511 erce.-
268 2476 384 2528 veruque
393 2469 444 2513 aut
453 2460 482 2512 in
492 2459 610 2513 deterius
620 2462 734 2525 credita,
744 2460 832 2512 iudice
843 2457 877 2512 ab

65 2543 122 2582 uno
131 2528 251 2601 facilius
261 2529 392 2582 discerni:
412 2530 501 2581 odium
517 2538 544 2580 et
557 2529 687 2582 inuidiam
698 2529 772 2597 apud
780 2528 877 2578 multu

65 2601 180 2659 valere..
205 2599 288 2660 Haud
309 2599 427 2651 fallebat
437 2600 580 2650 Tiberium
597 2599 686 2650 moles
699 2594 879 2660 cognitionis,

66 2682 180 2736 quaque
203 2668 263 2736 ipse
282 2668 357 2722 sama
371 2666 585 2722 distraheretur.
621 2667 718 2736 Igitur,
733 2657 880 2730 paucisfa·
935 2667 939 2673 ·
971 2697 975 2702 .
