2034 3025
92 59 152 117 'ro
212 59 517 117 nrsronrnnvm
550 20 827 129 [insinuens]

29 168 64 208 Τ
118 168 224 230 obrutl;
242 181 306 234 pars
325 166 425 216 confixi
446 171 475 216 et
495 179 658 232 exsangues,
678 170 728 217 aut
745 165 841 228 laceri,
864 181 939 218 cum

117 242 233 304 augeret
243 241 363 302 stragem
374 234 535 300 trepidatio,
553 249 641 300 eoque
651 235 743 284 acrius
754 247 769 285 e
781 236 940 287 moenibus

118 300 346 366 vulnerarentur,
364 303 487 365 rediere,
505 302 626 354 infracta
635 305 758 369 partium
769 303 853 354 faura.
892 307 941 357 Et

94 401 96 406 ·
119 376 248 438 Caecina,
267 374 373 442 pudore
385 377 500 437 coeptae
515 377 620 422 temere
639 373 871 438 oppugnationis,
892 389 938 426 ue

117 446 218 494 inrisus
230 453 262 495 dc
271 457 358 494 venus
366 440 462 492 iisdem
475 442 573 492 castris
583 440 856 503 adsideret,traiocto
867 457 938 507 rur·

118 529 164 564 sus
176 513 260 575 Pado,
272 513 435 562 Cremonam
446 515 541 575 petere
552 509 681 560 intendit.
719 511 876 562 Tradidere
887 527 937 563 se-

117 598 148 634 se
158 582 271 642 abeunti
283 580 415 632 'Purulius
426 579 542 630 Cerialis
557 593 620 628 cnm
629 578 820 645 compluribus
830 579 936 631 classi-

118 653 171 714 cis3
190 657 220 702 et
233 650 321 701 lulius
332 649 507 716 Briganticus
517 663 580 698 cum
594 650 689 713 paucis
705 650 841 716 equitum:
881 647 935 701 hic

43 769 49 782 ,
86 730 93 735 ’
118 719 278 772 Praefectus
290 718 360 780 alae,
379 720 407 768 in
418 717 533 769 Batavis
543 719 666 783 genitns3
683 717 731 769 ille
742 718 934 785 Primipilaris

118 794 147 840 et
158 789 290 839 Caecinae
299 785 374 838 haud
383 786 503 851 alienus,
521 786 595 854 quod
610 787 722 839 ordines
732 788 762 838 in
773 787 932 840 Germania

27 909 29 912 ,
118 858 244 916 duxerat

169 925 271 977 Xlllll.
307 922 457 990 Spurinna,
467 928 610 991 comperto
621 924 722 978 itinere
732 923 865 989 hostiurm,
881 925 931 978 de·

118 994 224 1046 ienuam
240 993 424 1056 Placentiam,
445 997 570 1062 quaeque
585 999 661 1057 acta,
684 1001 712 1046 et
726 994 792 1063 quid
804 997 930 1047 Caecina

118 1069 242 1129 pararet,
261 1064 379 1114 Annium
390 1063 503 1114 Gallum
519 1079 570 1130 per
578 1064 688 1116 litteras
698 1064 789 1115 docet.
825 1063 930 1116 Gallus

118 1132 256 1198 legionem
275 1132 392 1197 primam
412 1133 441 1182 in
461 1132 594 1183 auxilium
618 1131 778 1194 Placentiae
797 1133 929 1197 ducebat,

118 1201 224 1253 diffisus
235 1201 375 1267 paucitate
385 1198 555 1264 cohortium,
575 1217 610 1253 ns
624 1200 735 1268 longius
745 1202 884 1254 obsidium
895 1207 927 1254 et

117 1269 171 1320 rim
183 1268 341 1321 Germanici
357 1271 493 1321 exereitus
509 1285 607 1336 parum
622 1271 788 1324 tolerarent:
807 1272 854 1323 ubi
866 1271 928 1337 pul·

23 1395 26 1402 ,
44 1375 47 1380 -
117 1354 180 1390 sum
190 1339 335 1391 Caecinam
346 1350 463 1406 pergere
473 1339 637 1392 Cremonam
648 1342 767 1408 accepit,
786 1353 926 1407 aegreco·

118 1411 233 1460 ercitam
244 1409 390 1476 legionem,
409 1413 438 1460 et
449 1409 590 1475 pugnandi
600 1409 701 1461 a‘rdore
710 1410 842 1477 usquead
852 1409 925 1461 sedi·
952 1470 958 1475 ,

118 1480 220 1531 tionem
232 1493 419 1553 progressam,
440 1478 570 1531 Bedriaci
580 1479 662 1530 sistit.
697 1480 775 1531 inter
784 1477 926 1531 Veronam

119 1548 338 1615 Cremonamque
349 1550 418 1598 situs
434 1548 581 1611 astricus,
600 1547 707 1599 duabus
721 1551 776 1600 iam
790 1548 924 1611 Romanis

118 1617 244 1669 cladibus
254 1623 336 1667 notus
350 1617 551 1684 infaustusque.
596 1615 697 1668 lisdem
712 1618 809 1669 diebus
823 1618 924 1679 abiar·
1009 1680 1011 1688 y

119 1688 159 1737 tio
169 1688 267 1738 Macro
277 1685 350 1737 haud
361 1686 458 1753 procul
470 1686 607 1747 Cremona
620 1700 752 1751 prospere
761 1697 923 1754 pugnatum.

118 1770 237 1822 namque
247 1760 390 1821 promptus
401 1754 485 1805 animi
495 1754 616 1807 Martius
625 1760 797 1807 transvectos
808 1756 923 1807 navibus

118 1823 289 1891 gladiatores
304 1825 333 1873 in
348 1823 492 1875 adversane
504 1823 573 1876 Padi
587 1825 676 1890 ripam
690 1831 805 1891 repente
816 1823 923 1883 effudit.

117 1893 243 1943 Turbata
252 1894 290 1943 ibi
300 1892 515 1945 Vitellianorum
526 1894 641 1955 auxilia,
651 1898 689 1956 et,
700 1895 800 1945 ceteris
812 1895 925 1953 eremo,

119 1976 180 2012 nam
198 1960 379 2026 fugientibus,
395 1964 479 2024 caesi,
496 1964 544 2029 qui
554 1964 722 2013 restiterant
758 1964 806 2014 sed
818 1976 922 2028 repres-

105 2042 165 2084 sus
180 2030 348 2080 vincentium
367 2032 485 2094 inpetus,
504 2046 548 2091 ne,
566 2033 644 2082 novis
662 2028 791 2083 subsidiis
811 2032 921 2093 firmati,
954 2058 966 2073 ι

117 2099 211 2151 hostes
231 2096 371 2149 fortunam
393 2098 490 2164 praelii
512 2104 661 2151 mutarent.
710 2100 872 2167 Suspectum
891 2101 922 2152 id

118 2167 281 2221 Othonianis
293 2166 355 2229 init,
375 2170 467 2219 omnia
476 2168 585 2219 Ducum
598 2168 673 2219 facta
682 2184 766 2235 prave
776 2172 922 2231 aestiman-⁸

117 2240 199 2290 tibus.
236 2238 382 2299 Certatim,
403 2232 437 2287 ui
444 2239 560 2305 quisque
567 2239 659 2289 animo
669 2240 801 2305 ignavus,
819 2253 921 2305 procax

116 2323 174 2370 ore,
189 2308 309 2359 Annium
321 2306 432 2357 Gallum
444 2313 473 2358 et
482 2306 646 2358 Suetonium
656 2306 814 2359 Paullinum
824 2314 851 2359 et
862 2309 919 2359 Mu·

118 2378 188 2427 rium
199 2370 308 2426 Celsum
320 2378 395 2434 (nam
407 2390 455 2426 eos
465 2373 539 2425 Otho
549 2389 659 2441 quoque
670 2376 857 2440 praefecerat)
876 2392 927 2429 va»

44 2475 47 2483 ·
72 2441 82 2451 “
118 2446 166 2494 riis
178 2443 525 2495 criminibusincessebant.
561 2442 922 2497 Acerrimaseditionumac

118 2512 274 2567 discordiae
283 2513 472 2572 incitamenta,
482 2509 678 2562 interfectores
688 2512 802 2564 Galbae:
837 2515 920 2568 scele-

119 2594 150 2633 re
168 2580 285 2635 etmetu
302 2580 444 2643 vecordes,
462 2580 580 2648 miscere
599 2585 708 2643 cuncta,
724 2582 810 2633 modo
828 2584 919 2652 puarn
