2034 3025
160 156 163 159 ’
207 170 646 225 praecensorenn.
726 232 727 235 q
778 172 826 226 eor

220 253 375 260 ψη...-

24 277 129 328 minum
139 275 261 325 studium
271 277 474 341 prosterneret:
485 281 546 326 arte
557 276 675 342 quadani
683 277 827 343 mitigavit,
858 296 862 305 ·

25 344 200 398 concedendo
210 342 266 407 his,
294 346 342 410 qui
353 358 466 394 caussas
481 358 565 410 agere
576 360 630 395 non
642 350 769 411 possent,
798 352 829 395 ut

23 429 120 465 versus
129 412 264 465 facerent.
290 415 352 482 Ego
361 418 464 476 antem,
474 416 548 463 sicut
557 414 586 463 in
598 414 702 465 caussis
713 413 827 480 agendis

24 483 135 536 efficere
144 482 249 549 aliquid
260 487 289 533 et
299 484 366 534 eniti
376 482 496 534 fortasse
506 498 629 549 possum,
639 486 678 535 ita
689 484 828 545 recitatio-

20 569 60 603 ne
66 552 274 617 tragoediarum
285 552 391 617 ingredi
405 552 508 603 famam
519 555 678 619 auspicatus
689 554 759 615 suin,
769 557 828 602 turn

24 621 149 690 quidem,
178 634 240 670 cnm
259 621 287 669 in
304 621 416 689 Nerone
435 622 608 687 inprobatam
630 628 659 674 et
673 622 828 672 studiorum

24 704 135 758 qnoque
148 704 229 740 sacra
244 688 438 756 profanantem
452 688 725 769 Vatiniiqpotentiam
741 690 827 757 fregi:

24 765 54 812 et
63 757 154 820 hodie,
172 760 196 808 si
207 757 271 823 quid
282 762 310 809 in
322 760 401 810 nobis
411 761 527 813 notitiae
539 774 571 812 ac
582 762 701 812 nominis
712 767 764 823 est,
775 774 830 809 ma·

23 832 67 896 gis
78 827 200 878 arbitror
208 830 369 891 carminum,
388 839 469 896 quam
481 834 648 893 orationum,
668 830 759 899 gloria
770 844 829 895 par·

23 905 93 949 tum.
121 913 154 949 ac
162 899 217 948 iam
228 913 272 949 me
283 900 431 965 seiungere
441 897 572 958 aforensi
584 899 679 951 labore
690 900 830 960 constitui,

24 983 77 1019 nec
87 969 236 1018 comitatus
247 969 315 1019 istos
325 975 356 1018 et
365 983 494 1033 egressus
504 975 553 1019 aut
564 969 749 1036 frequentiam
756 969 828 1019 salu·

23 1039 161 1089 tatianum
173 1038 350 1101 concupisco:
363 1050 417 1085 non
428 1038 517 1103 magis
528 1053 608 1103 quam
620 1053 686 1088 aera
697 1045 726 1088 et
734 1040 831 1105 imagi·

23 1124 83 1169 nes,
101 1108 267 1173 qnae,etiam
298 1120 343 1155 me
353 1103 475 1167 nolente,
492 1107 520 1154 in
533 1105 645 1155 domum
656 1121 745 1175 meam
757 1108 829 1157 inru-

25 1174 222 1244 perentam
233 1178 336 1225 statum
347 1170 488 1239 bucusque
499 1188 532 1223 ac
542 1175 720 1228 securitatem
731 1176 830 1227 melius

24 1246 187 1297 innocentia
195 1250 286 1307 tueor,
304 1258 388 1311 quam
398 1241 566 1310 eloquentia.
594 1250 776 1309 ‘necrereom
795 1260 829 1297 ne

25 1314 93 1367 mihi
104 1330 233 1381 umquam
244 1314 331 1365 verba
340 1314 369 1363 in
379 1310 497 1377 Senatu,
522 1312 574 1363 nisi
584 1326 634 1379 pro
648 1313 764 1395 alterius
775 1314 830 1366 dis·
936 1348 938 1359 ‚

25 1387 151 1446 crimine,
171 1381 298 1434 facienda
307 1383 370 1433 sint.
836 1419 845 1425 -

78 1454 139 1503 xit.
163 1452 286 1503 Nemora
308 1466 374 1503 vero
396 1456 425 1503 et
444 1450 499 1502 luci
522 1453 551 1504 et
570 1457 708 1503 secretum
730 1453 829 1519 ipsum,

25 1523 179 1592 quodAper
188 1523 358 1588 increpabat,
368 1527 475 1572 tantam
485 1520 552 1571 mibi
563 1520 694 1573 adferunt
705 1522 830 1588 volupta-

25 1599 92 1653 tem,
102 1598 135 1641 ut
144 1593 219 1645 inter
229 1593 392 1657 praecipuos
403 1592 556 1641 carminum
564 1589 671 1642 fructus
677 1605 829 1653 numerem,

25 1662 102 1729 quod
111 1676 163 1712 nec
172 1661 201 1710 in
210 1661 341 1724 strepitu,
365 1674 417 1711 nec
425 1659 541 1711 sedente
551 1665 617 1711 ante
628 1662 729 1711 ostium
741 1660 832 1728 litiga·

25 1739 98 1793 tore,
109 1745 159 1782 nec
168 1731 242 1780 inter
252 1727 348 1781 sordes
358 1741 391 1780 ac
399 1730 533 1790 lacrimas¹
539 1743 651 1780 reorum
662 1743 830 1796 componun-

25 1808 87 1863 tur3
115 1799 164 1851 sed
175 1798 281 1850 secedit
290 1801 399 1850 animus
413 1800 442 1849 in
452 1797 516 1850 ioca
526 1812 597 1865 pura
607 1804 690 1866 atque
701 1801 830 1850 innocen·

25 1873 80 1933 tia,
107 1869 265 1937 fruiturque
284 1869 396 1920 sedibus
415 1869 510 1920 sacris.
555 1867 636 1918 Haec
655 1868 831 1936 eloquentiae

25 1939 191 2007 primordia,
208 1937 279 1990 baec
289 1939 456 2005 penetralia:
474 1936 656 2004 bocprimum
666 1937 765 1990 babitu
776 1939 831 1990 cul·

26 2019 113 2077 tuque
123 2009 269 2061 commoda
279 2009 456 2071 mortalibus,
484 2010 513 2059 in
525 2007 575 2060 iila
586 2014 677 2071 casta,
705 2013 734 2060 et
744 2007 831 2058 nullis

25 2080 256 2142 contrectantis,
283 2083 398 2144 pectora
411 2077 535 2129 influxitr
563 2078 603 2129 sic
613 2078 726 2130 oracula
736 2077 831 2144 loque·

25 2152 137 2200 bantur.
155 2146 225 2202 Nam
235 2147 363 2200 lucrosae
372 2146 455 2199 buius
466 2154 494 2199 et
503 2149 830 2215 sanguinantiseioquen-
917 2171 921 2179 ·

25 2220 84 2269 tiae
94 2232 161 2267 usus
170 2231 268 2268 recens
278 2221 307 2268 et
316 2218 397 2268 malis
407 2219 531 2268 moribus
541 2222 632 2281 natus,
648 2224 741 2284 atque,
757 2221 789 2266 ut
799 2220 830 2266 ta

23 2288 147 2348 dicebas,
166 2287 253 2352 Aper,
274 2287 303 2336 in
314 2286 406 2341 locum
416 2286 467 2337 teli
478 2292 614 2352 repertus.
649 2289 781 2338 ,ceterum
792 2285 831 2336 fe·

22 2360 63 2411 lix
74 2356 145 2407 iilud
156 2362 197 2415 et,
225 2361 256 2406 ut
266 2370 344 2406 more
355 2362 453 2407 nostro
464 2355 580 2422 loquar,
609 2371 723 2406 aureum
734 2369 830 2406 saecu·

23 2429 95 2491 ium,
118 2431 147 2478 et
158 2430 300 2475 oratorum
312 2430 340 2476 et
351 2426 496 2476 criminum
508 2427 586 2491 inops
591 2461 599 2488 ,
618 2426 712 2492 poetis
724 2430 753 2475 et
762 2425 829 2474 vati·
869 2477 872 2482 ,

24 2497 76 2549 bus
87 2495 253 2556 abundabat,
264 2496 310 2560 qni
321 2495 392 2546 bene
402 2495 478 2546 facta
488 2499 629 2556 cancrent,
640 2493 829 2562 nonquimaie

21 2566 145 2620 admissa
164 2563 355 2616 defenderent.
392 2563 449 2615 Nec
468 2563 532 2614 uilis
554 2569 603 2615 aut
621 2563 712 2630 gloria
731 2565 828 2624 maior,
888 2575 894 2582 ’

21 2641 71 2689 aut
81 2636 227 2702 augustior
242 2632 345 2685 honor:
373 2635 491 2700 primum
507 2632 582 2700 apud
592 2633 681 2696 Deos,
710 2647 826 2700 qnorum

21 2704 150 2775 proferre
175 2718 309 2772 responsa
328 2709 356 2757 et
382 2705 518 2757 interesse
540 2703 629 2826 cplplqs
648 2702 825 2756 ferebantur:
