2034 3025
67 138 294 195 mitola-ao.
300 141 438 211 [amem.
444 145 680 204 accensam.
686 149 805 225 Ama]
814 156 867 213 ³25

66 247 152 298 sciria
164 247 282 300 invicem
293 250 480 316 incessentes,
490 251 606 318 probra,
617 252 718 308 deinde
728 273 809 323 saxa,
819 276 869 329 po·

65 322 170 368 stremo
188 317 294 374 ferrum
308 333 466 386 sumpsere,
485 321 621 373 validiore
636 321 870 391 Pompeianorum

65 385 158 451 plebe,
178 386 251 452 apud
266 401 335 454 quos
351 390 538 456 spectaculum
556 391 699 444 edebatur.
734 396 810 464 Ergo
826 413 869 451 re·
965 395 969 402 '
1010 409 1015 419 ·

65 455 171 520 portati
181 457 283 508 suntin
294 457 391 509 orbem
402 459 485 511 multi
498 475 515 511 e
530 459 689 525 Nucerinis,
708 469 808 516 trunco
818 481 869 534 per
884 462 913 532 ’Ἴ

64 523 180 575 vulnera
192 540 316 591 corpore,
321 541 354 578 aa
365 528 489 597 plerique
500 529 652 583 liberorum
663 537 712 582 aut
721 539 869 600 parentum

63 597 168 644 mortes
185 593 332 646 deflebant.
369 596 452 648 Cuius
468 599 509 650 rei
529 599 661 650 iudicium
676 600 868 668 Princeps-Se·

65 659 157 721 natui,
185 656 304 710 Senatus
324 660 487 712 consulibus
501 665 637 729 permisit.
671 663 708 714 Et
723 677 819 715 rursus
832 677 864 715 re

65 726 99 776 ad
110 726 209 778 Patres
221 728 324 790 relata,
353 727 484 794 prohibiti
499 732 608 797 publice
624 731 652 780 in
668 731 762 783 decem
776 745 885 783 annosa

65 795 202 847 eiusmodi
213 804 293 848 coetu
303 797 476 864 Pompeiani,
504 801 687 867 collegiaque,
716 815 787 868 quae
800 814 863 851 con·

62 863 195 931 traleges
204 853 393 928 instituerant,
421 867 570 919 dissoluta:
596 869 752 933 Livineius,
777 869 862 938 etqui

63 933 110 984 alii
121 933 287 985 seditionem
298 935 482 998 conciverant,
501 936 598 988 exsilio
611 937 719 989 multati
730 944 802 989 sunt.

114 1003 217 1054 XVlll.
236 1004 330 1054 illotus
346 1001 451 1054 Senatu
467 1009 495 1055 et
514 1005 615 1057 Pedius
628 1005 756 1070 Blaesus,
786 1021 864 1058 accu-

61 1072 190 1122 santibus
209 1073 427 1138 Cyrenensibus,
455 1074 585 1125 violatam
604 1074 637 1124 ab
657 1091 687 1125 eo
704 1073 865 1128 thesauram

61 1139 228 1207 Aesculapii,
238 1141 417 1208 deiectamque
428 1142 572 1193 militarem
579 1143 671 1210 pretio
681 1153 708 1194 et
718 1143 865 1196 ambitione

62 1217 230 1276 corruptam.
268 1209 355 1260 lidem
376 1212 549 1277 Cyrenenses
568 1227 647 1264 reum
667 1214 787 1281 agebant
806 1215 865 1265 Aci·
880 1214 896 1232 ·'

62 1277 131 1330 llum
143 1278 323 1341 Strabonem,
343 1279 487 1331 Praetoria
496 1285 636 1346 potestate
647 1295 742 1346 usum,
762 1284 863 1334 etmis·

61 1361 123 1398 sum
143 1347 358 1414 disceptatorem
375 1364 392 1398 a
407 1349 523 1401 Claudio
536 1365 682 1417 agrorum,
711 1365 780 1418 quos
795 1352 864 1418 Regi

60 1418 162 1485 Apioni
179 1417 317 1485 quondam
332 1415 457 1482 habitos,
487 1425 516 1470 ct
526 1419 591 1484 Pop.
602 1419 681 1471 Rom.
696 1435 756 1470 cum
769 1419 865 1486 Regno

60 1487 184 1550 relictos,
200 1487 341 1553 proximus
352 1489 465 1555 quisque
475 1501 617 1555 possessor
625 1489 790 1550 invaserant,
806 1487 865 1538 diu·

60 1559 177 1624 tiaeque
188 1556 300 1608 licentia
310 1562 338 1607 et
348 1558 463 1619 iniuria,
494 1557 572 1624 quasi
587 1558 649 1607 iure
659 1562 784 1623 etaequo
796 1558 864 1607 nite·
913 1556 918 1570 '

59 1626 178 1677 bantur„
209 1626 297 1692 igitur
313 1626 476 1681 abiudicatis
487 1626 575 1692 agris,
605 1630 667 1677 orta
682 1625 864 1677 adversusiu-

61 1695 152 1747 dicem
164 1694 281 1745 invidia:
306 1700 334 1745 et
345 1694 475 1757 Senatus,
503 1694 599 1763 ignota
610 1694 661 1748 sibi
671 1710 725 1747 esse
735 1695 865 1747 arandara

62 1762 182 1827 Claudii,
193 1773 220 1816 et
230 1764 417 1815 consulendam
428 1764 592 1830 Principem,
603 1764 754 1831 respondit.
780 1763 864 1828 Nero,

58 1832 490 1899 probatsStrabonissententia,
509 1832 864 1887 renibmmmanuonnire

58 1902 155 1965 sociis,
171 1909 199 1953 et
208 1910 341 1968 asnrpata
352 1902 503 1965 concedere,
521 1905 639 1969 scripsit.

112 1971 188 2023 XlX.
207 1969 366 2039 Sequuntur·
375 1972 497 2023 virorum
509 1972 666 2023 inlustrium
677 1977 788 2034 mortes,
809 1971 871 2026 Dm

59 2041 135 2093 mitii
151 2039 211 2092 Afri
228 2046 256 2092 et
272 2041 311 2092 Μ.
328 2040 451 2103 Servilii,
481 2043 529 2108 qui
545 2042 660 2092 summis
674 2039 825 2093 bonoribus
836 2049 874 2101 et,

60 2110 153 2161 multa
175 2108 336 2176 eloquentia
354 2112 503 2176 viguerant.
549 2110 601 2163 llle
619 2109 726 2162 orando
745 2124 867 2173 caussas,

60 2178 198 2231 Servilius
210 2178 257 2229 diu
268 2178 344 2241 foro,
362 2179 580 2231 mox·tradendis
589 2195 620 2232 re
658 2180 813 2231 sRomanis
824 2194 867 2232 ce·

59 2249 161 2312 lebria,
192 2253 221 2300 et
236 2248 376 2315 elegantia
390 2248 480 2309 vitam
509 2264 592 2315 quam
608 2249 634 2299 cl
667 2247 867 2309 ioremellecit,

29 2342 32 2349 ·
59 2324 93 2371 ut
103 2333 156 2385 par
165 2318 294 2385 ingenio,
323 2318 364 2367 ita
374 2331 483 2367 morum
497 2318 630 2369 diversus.
666 2316 867 2385 Neronequar-

59 2393 136 2451 tum,
167 2385 296 2437 Cornelio
308 2386 392 2437 Cosso
408 2400 485 2437 coss·
515 2387 718 2455 quinquennale
729 2387 867 2438 ludicrum
909 2388 912 2394 '

29 2468 35 2475 ‘
58 2455 167 2509 Romae
177 2457 334 2506 institutum
346 2460 400 2517 est,
421 2455 455 2506 ad
466 2468 573 2507 morem
583 2456 682 2507 Graeci
693 2456 867 2508 certaminis:

60 2528 142 2577 saria
153 2523 236 2586 lama,
254 2529 286 2574 ut
295 2530 394 2575 cuncta
404 2523 492 2575 ferme
504 2539 583 2575 nova.

96 2594 159 2645 XX.
179 2595 287 2659 Quippe
302 2598 394 2656 erant,
425 2596 471 2660 qui
486 2591 535 2644 Cn,
545 2607 648 2660 qaoque
657 2590 814 2657 Pompeium
827 2590 868 2642 in-

60 2659 502 2729 amatamasenioriimterrent,
521 2662 592 2731 qaod
599 2675 755 2715 ammarum
765 2656 869 2712 tbeatrr'
