2034 3025
177 116 213 211 no
295 126 858 229 'nNNamvuravqoracia]

178 262 253 314 missi
264 263 314 314 snb
325 263 434 327 vexillo,
444 263 612 318 hiemabant
643 265 761 317 Paridon
772 270 802 317 et
811 267 986 321 conscientia

176 332 310 384 vecordes
320 335 407 385 intrat
418 340 517 397 metus,
536 335 643 386 venisse
654 333 770 386 Petrum
780 336 866 397 iussu,
886 337 935 403 qui
946 338 985 387 ir·

175 401 232 452 rita
243 400 377 466 facerent,
397 418 468 471 quac
479 414 530 469 per
539 404 704 455 seditionem
715 404 919 470 expresserant.
939 412 987 456 ut·

86 506 89 510 .
177 484 231 537 que
242 486 301 523 mos
312 473 404 539 vulgo,
420 473 545 539 quamvis
555 471 633 526 salsis
643 487 721 523 reum
732 472 860 535 subdere,
880 472 985 525 Muna-

175 540 245 592 tium
257 540 398 603 Plancum,
419 541 564 592 consulatu
585 540 719 603 functum,
738 542 891 608 principem
905 541 986 609 lega·

176 608 270 671 tionis,
291 616 431 662 auctorem
443 609 682 662 senatusconsulti
697 612 839 661 incusant:
859 615 986 665 etnocte

177 678 311 730 concubia
321 678 463 741 vexillum,
482 680 510 728 in
523 679 605 730 domo
617 679 774 729 Germanici
785 678 881 741 situin,
899 677 985 747 flagi-

175 748 238 797 tare
258 748 406 811 occipiunt:
427 763 617 816 concursuque
636 748 672 797 ad
691 749 803 798 ianuam
811 746 903 810 facto,
924 764 986 800 nro·

176 814 283 865 liuntur
302 814 392 885 foresj
413 821 568 867 extractum
589 816 674 867 cubili
694 818 848 880 Caesarem,
865 816 988 871 tradere

176 883 317 947 vexillum,
337 885 444 937 intento
456 888 555 936 mortis
569 891 647 936 metu
665 886 804 953 subigunt.
826 898 899 947 mox,
918 894 990 954 vagi

176 953 309 1018 pervias,
330 954 424 1005 obvios
439 952 561 1006 habuere
576 954 692 1021 legatos,
713 954 809 1005 audita
819 958 988 1009 consterna·

75 1068 78 1076 ,
176 1022 262 1085 ticine,
271 1022 307 1072 ad
317 1022 512 1073 Germanicum
523 1022 678 1075 tendentes.
696 1024 827 1090 ingerunt
837 1028 990 1076 contume-

161 1106 163 1109 ·
177 1090 240 1141 lias:
258 1090 370 1141 caedem
381 1096 492 1157 parant:
512 1091 617 1143 Planco
629 1092 756 1154 maxime,
766 1107 848 1159 quem
859 1092 989 1158 dignitas

83 1218 86 1226 ¹
176 1158 244 1225 fuga
254 1159 442 1225 impetiverat.
453 1176 542 1229 neque
552 1161 629 1211 aliud
639 1160 808 1227 periclitanti
817 1160 990 1224 subsidium,

158 1223 259 1295 ‘quum
275 1234 368 1280 castra
382 1230 489 1294 primae
507 1230 633 1295 legionis.
661 1228 990 1297 illicsignaetnquilam

124 1296 128 1301 ”
177 1296 332 1361 amplexus,
349 1298 554 1365 religionesese
565 1299 721 1349 tutabaturz
741 1313 788 1359 ao,
807 1297 835 1347 ni
850 1298 991 1366 aquilifer

177 1366 344 1431 Calpurnius
363 1369 417 1417 rim
434 1372 586 1419 extremam
607 1367 752 1429 arcuisset,
772 1369 878 1426 (rarum
898 1369 990 1418 etiam

176 1435 251 1487 inter
261 1434 366 1497 hostes)
381 1436 490 1503 legatus
501 1434 595 1502 populi
607 1435 738 1497 Romani,
758 1434 890 1485 Romanis
898 1436 932 1485 in
945 1451 990 1488 ca·

139 1525 151 1544 ⁴
177 1506 252 1568 stris,
272 1506 407 1573 sangnine
421 1504 594 1557 suo'allaria
614 1504 695 1556 dedra
716 1502 990 1557 commaculavisset.

60 1567 62 1586 '
177 1575 253 1626 Luce
263 1576 388 1635 demum,
408 1579 555 1641 postquam
570 1573 627 1624 dux
637 1579 666 1624 et
674 1573 754 1624 miles
765 1578 793 1624 et
804 1571 880 1624 sacta
889 1589 992 1626 nosce-

177 1643 288 1705 bantur,
308 1645 450 1711 ingressus
466 1648 558 1693 castra
573 1642 762 1704 Germanicus,
781 1641 895 1709 perduci
906 1645 948 1696 ad
961 1659 991 1696 se

121 1746 126 1770 ,
177 1711 310 1762 Plancum
321 1713 452 1776 imporat,
472 1713 633 1778 recepitque
642 1712 671 1772 in
682 1711 812 1764 tribunal.
848 1712 926 1762 Tum
942 1715 993 1784 fa-

107 1793 109 1798 ’
178 1780 260 1830 talem
270 1780 416 1845 increpans
426 1778 536 1841 rabiem,
555 1795 639 1847 neque
652 1778 778 1842 militum,
798 1779 845 1831 ted
853 1779 936 1832 deum
945 1785 992 1836 irs

177 1861 328 1916 resurgere,
348 1863 398 1898 cur
408 1849 535 1900 venerint
545 1847 639 1914 legati,
654 1850 755 1913 aperit:
775 1846 819 1898 ius
829 1848 991 1916 legationis,

177 1924 261 1985 utque
273 1916 360 1982 ipsius
371 1915 470 1968 Planci
486 1932 598 1985 gravem
609 1925 636 1968 et
645 1915 809 1968 immeritum
823 1931 936 1981 earum,
958 1925 992 1974 si·

133 1990 135 2000 '
177 1986 245 2048 mul,
255 1994 385 2054 quantum
396 1985 531 2036 dedecoris
540 1985 642 2037 adierit
651 1985 732 2056 legio,
742 1984 861 2036 facunde
872 1987 992 2043 misera-

176 2059 234 2118 tur,
255 2057 430 2121 attonitaque
441 2056 538 2122 magis,
557 2068 639 2122 quam
650 2056 744 2120 quieta
754 2055 897 2118 concione,
913 2056 991 2128 lega-

178 2127 231 2188 tos,
242 2124 381 2190 praesidio
392 2125 568 2174 auxiliarium
580 2124 712 2191 equitum,
722 2123 847 2175 dimittit.

228 2193 288 2245 XL.
316 2195 358 2256 Ep
378 2193 407 2243 in
427 2198 503 2244 metu
526 2207 643 2260 arguere
663 2191 859 2245 Germanicum
879 2207 992 2253 omnes,

178 2263 249 2334 quod
256 2279 309 2316 non
319 2255 528 2329 ad'ruperiorem
539 2260 688 2314 exercitum
694 2269 823 2342 pergeret
829 2298 837 2325 ,
857 2260 908 2318 aba·
919 2264 993 2318 abac·

178 2334 243 2402 quia
254 2341 282 2384 et
291 2341 387 2386 eontra
398 2330 504 2383 rebellis
514 2329 657 2384 auxilium.
695 2329 770 2382 Satis
780 2345 916 2401 superque
927 2335 992 2386 mis-

101 2443 105 2457 ,
179 2400 253 2454 sione
265 2411 293 2452 et
308 2400 426 2468 pecunia
442 2398 740 2453 etmollibutcomultit
756 2406 919 2467 peceatumr
940 2405 1008 2466 nel„

179 2469 205 2520 si
213 2469 275 2523 oilie
284 2468 337 2537 ipsi
347 2471 429 2532 salut,
447 2467 598 2538 curfilium
608 2471 762 2536 parvulum,
781 2484 831 2519 cur
839 2470 993 2538 gravidam

180 2537 259 2592 eoniu
281 2553 329 2601 em,
343 2537 416 2589 inter
422 2535 559 2606 furenter,
569 2545 597 2588 et
607 2537 691 2588 omnis
701 2535 813 2590 lamani
821 2537 893 2589 iuris
903 2541 993 2594 niola-

179 2555 390 2660 toretlaberetl
398 2605 457 2658 illos
467 2606 563 2657 saltem
573 2621 622 2657 avo
632 2614 660 2658 et
670 2607 713 2657 rei
718 2605 843 2674 publicae
852 2606 994 2663 redderet.

180 2675 237 2727 Diu
248 2679 403 2740 cunctatus,
424 2675 777 2742 adspernantemnxorem,
795 2689 858 2726 cnm
878 2691 908 2729 te
931 2681 995 2734 divo
