2034 3025
155 105 209 162 m
272 103 828 178 sunnnrvmrsupencea]
878 115 881 122 ·

156 189 373 199 ——-—-—---—-

155 211 407 282 condemnatione
423 214 532 275 matris,
553 225 608 262 non
625 213 722 264 exsilio
737 213 857 267 fratrum
876 224 967 284 rupta

71 318 74 319 γ
154 295 237 344 roce;
258 281 367 348 qualem
383 280 593 332 flienifriberius
605 282 756 346 induisset,
778 287 838 350 pari
854 285 965 350 babitu,

156 349 230 402 baud
246 351 364 402 multum
380 350 656 402 distantibusrerbis.
691 353 773 405 Vnde
783 369 848 404 mox
859 352 964 408 scitum

155 418 287 481 Passieni,
308 419 436 480 cratoris,
453 418 558 469 dictum
579 420 748 485 percrebuit:
763 421 953 488 Nequemelio

154 504 211 540 rem
221 487 710 556 unquamcertumneqaedeteriorem
721 491 970 562 morinumfm'sssj

155 557 219 610 Non
240 558 378 608 onriserim
398 559 575 624 praesagium
592 559 699 610 'Tiberii
733 560 767 611 de
785 560 844 612 Ser.
861 561 963 626 Galba,

153 625 355 678 tum'consuler
375 640 457 693 quem
469 629 600 691 accitum,
621 633 649 679 et
660 627 774 680 dirersis
785 631 963 682 sermonibus

155 696 964 764 pertentatum-,postremoGraecisverbisinhancsenten-

152 767 222 816 tiam
233 764 388 828 adlocutus,
407 763 454 818 ur
464 774 504 829 tu,
523 767 795 832 Galbmcandoque
806 768 963 837 degustabis

152 832 310 900 imperium,
328 849 420 886 seram
435 851 470 887 ac
481 837 597 887 brevem
617 838 771 902 potentiam
793 837 962 903 significans,

154 903 270 953 scientia
280 902 483 956 Chaldaeorum
499 907 582 968 artis,
602 906 681 956 cuius
695 906 861 970 apiscendae
872 907 962 956 otium

74 998 80 1004 ·
155 971 229 1036 apud
240 970 377 1036 Rhodum,
397 977 560 1042 magistrum
572 972 753 1041 Thrasyllum
765 972 870 1038 habuit,
882 977 962 1041 ,peri-

154 1041 221 1091 tiam
233 1042 294 1091 eius
304 1039 358 1092 boc
367 1044 450 1094 medo
461 1049 602 1112 expertus.

213 1109 288 1161 XXl.
315 1111 451 1172 Quotiens
471 1127 554 1177 super
573 1110 625 1161 tali
640 1113 759 1178 negotio
773 1111 962 1175 consultaret,

152 1177 230 1230 edita
240 1179 338 1229 domas
354 1187 435 1246 parte
446 1197 479 1231 ac
488 1181 581 1232 liberti
592 1181 674 1230 unius
684 1181 854 1232 conscientia
864 1181 963 1230 uteba·

152 1255 208 1299 tur.
226 1249 250 1298 is
260 1246 416 1300 litterarum
427 1251 549 1316 ignarus,
560 1263 674 1314 corpore
685 1249 786 1312 valido,
796 1263 847 1315 per
857 1250 919 1298 avia
929 1263 962 1301 ac

46 1329 54 1336 ·
153 1317 272 1383 derupta
292 1320 369 1379 (nam
389 1319 464 1378 suis
480 1318 579 1369 domus
594 1319 721 1380 inminet)
742 1320 871 1385 praeibat
888 1332 962 1381 eum,

154 1388 234 1439 cuius
250 1392 339 1438 artem
355 1389 476 1454 experiri
490 1387 620 1440 Tiberius
640 1390 799 1451 statuisset,
819 1392 848 1439 et
867 1401 961 1454 regre-

107 1473 113 1478 ·
155 1456 286 1538 dpeutem,
296 1457 319 1507 si
328 1458 460 1508 vanitatis
470 1457 659 1508 aut‘fraudum
670 1459 789 1527 suspicio
800 1459 961 1520 incesserat,

154 1528 183 1578 in
194 1527 653 1595 subiectumtmanspraeeipitebat,
663 1542 698 1579 ne
708 1528 792 1581 index
802 1526 896 1579 arcani
907 1526 961 1577 exi·

96 1635 99 1641 .
153 1601 252 1649 steret.
286 1597 378 1665 lgitur
388 1597 570 1664 Thrasyllus,
590 1596 962 1663 iisdem-rupibusinduutus,

150 1671 303 1733 postquam
308 1672 536 1733 percunctantem
542 1672 740 1728 commoverat,
750 1665 892 1731 imperium
900 1666 961 1730 ipsi,

154 1739 185 1787 et
194 1734 291 1785 futura
300 1735 432 1786 sollerter
474 1734 620 1797 tefaciens,
630 1737 829 1800 interrogatur,
838 1748 962 1784 annuam

154 1816 258 1869 poaque
272 1802 421 1870 genitalem
474 1816 535 1853 ram
552 1802 738 1867 ‘comperissem
760 1816 836 1866 quem
846 1809 963 1855 teman·

152 1888 233 1933 eamr
248 1872 353 1936 qualem
364 1870 433 1921 diem
448 1869 577 1921 balmes?
603 1870 663 1932 ille,
677 1872 785 1937 positus
795 1869 962 1923 siderumat

98 1994 103 2003 ,
153 1942 247 2006 spatia
258 1940 407 2001 dimensus,
422 1937 544 1989 'haerere
553 1940 653 2005 primo,
673 1938 737 1989 dein
748 1953 905 2004 pavescere,
916 1943 961 2004 et,

152 2014 290 2076 quantum
305 2008 513 2072 introspiceret,
533 2008 621 2074 magis
632 2008 762 2075 armagis
777 2007 903 2074 trepidus
914 2009 961 2059 ad·

154 2077 311 2136 mirationis
322 2081 461 2138 etmetus,
479 2080 622 2143 postremo
638 2077 785 2140 exclamat,
804 2076 959 2147 ambiguam

154 2145 208 2201 niti
223 2163 258 2199 ac
268 2160 353 2213 prope
367 2144 492 2197 ultimum
502 2145 646 2202 discrimen
660 2145 774 2200 instare.
804 2148 958 2198 Tumoom·

153 2216 255 2285 plexus
264 2215 483 2281 eumTiberins,
497 2216 651 2285 praescium
657 2216 841 2285 periculorum
853 2226 879 2268 et
886 2213 957 2269 ineo·

154 2289 251 2339 mntem
266 2285 342 2359 fore,
361 2292 502 2353 gratatur-3
523 2302 648 2356 quaeque
660 2288 782 2351 dixerat,
802 2286 956 2339 oraclirice

61 2402 73 2419 ,
154 2358 767 2423 accipiens‚inter·iutimosamicorumtenet.

208 2426 296 2479 xxti.
316 2425 370 2479 Sed
381 2426 457 2489 mibi,
468 2427 536 2479 haec
546 2442 578 2483 ac
589 2428 659 2479 talia
669 2426 800 2491 audienti,
811 2426 839 2477 in
851 2425 957 2477 incerte

152 2497 285 2550 iudicium
296 2501 348 2560 est,
362 2495 457 2550 fatone
476 2513 522 2551 res
533 2498 693 2551 mortalium
704 2502 733 2550 et
742 2496 907 2557 necessitate
917 2496 956 2547 in·

153 2567 295 2630 mutabili,
314 2566 602 2621 anfortevolrantur.
629 2566 955 2635 quippesapientissimes

152 2642 287 2704 veterum,
296 2638 398 2707 quique
408 2643 513 2693 semem
523 2654 619 2694 eorum
630 2637 816 2703 aemulantur,
832 2636 953 2689 diversos
