2034 3025
113 156 116 162 ,
147 101 209 170 no
266 99 492 178 nnunnrvm
512 99 831 171 [numanum

198 199 271 250 LXI.
299 195 368 250 Fine
379 200 444 265 anni
459 213 605 248 excessere
619 198 741 264 insignes
750 198 816 259 ¹riri,
841 198 955 249 il'sinius

144 270 274 338 Agrippa,
290 268 374 320 claris
384 265 537 332 maioribus
546 281 629 333 quam
639 268 763 329 vetustis,
771 262 885 332 vitaque
892 281 953 322 non

146 336 282 406 degener3
298 343 327 390 et
337 337 370 398 Q.
381 335 524 398 Haterius,
539 335 647 387 familia
656 337 805 398 senatoria,
819 335 954 403 eloquen-

145 409 220 472 tiae,
248 406 340 477 quoad
355 407 436 466 vixit,
465 405 636 456 celebratae:
665 407 838 457 monimenta
847 405 953 474 ingenii

145 481 206 532 eius
216 477 291 528 haud
300 475 414 542 perinde
425 475 590 526 retinentur.
618 468 730 526 Scilicet
739 477 845 540 impetu
855 475 954 541 magis,

144 563 228 616 quam
239 558 306 598 cura
316 543 440 612 rigebat:
452 550 538 614 utque
549 545 666 598 aliorum
677 545 822 608 meditatio
834 549 863 594 et
872 544 954 595 labor

143 619 175 668 in
189 621 332 682 posterum
346 614 476 678 valescit,
504 615 545 666 s‘rc
560 615 671 675 Haterii
689 629 822 666 canorum
836 612 908 664 illud
923 617 954 665 et

145 685 289 752 profluens
300 699 362 735 curn
373 684 433 766 ipso
443 685 527 736 simul
537 685 704 747 exstinctum
716 689 767 736 est.

115 770 119 779 s
201 753 288 805 LXII.
305 753 344 804 M.
359 753 476 816 Licinio,
490 755 523 818 L.
539 754 688 820 Calpurnio
706 769 776 804 coss.
796 753 953 820 ingentium

145 820 282 874 bellorum
295 823 401 876 cladem
414 825 545 890 aequavit
557 825 659 876 malum
674 824 854 889 inprovisum.
891 822 953 874 eius

90 895 92 900 '
143 893 256 943 initium
271 891 353 942 simul
368 887 396 954 est
410 895 473 943 finis
487 895 589 945 extitit.
625 894 697 946 Nam
705 896 807 962 'coepto
823 890 897 958 apud
908 891 954 942 Fi·

81 971 85 976 “
140 961 246 1012 denam
257 960 587 1026 amphitheatrm'Atilius
598 957 954 1031 quidam,.libe1ffirigene·

144 1033 200 1093 ris,
219 1044 273 1097 quo
284 1033 471 1096 spectaculum
483 1033 669 1100 gladiatorum
680 1033 844 1093 celebraret,
861 1044 954 1097 neque

102 1155 110 1174 .
144 1099 328 1152 fundamenta
338 1116 387 1168 per
397 1102 515 1154 solidum
527 1102 662 1165 subdidit,
679 1101 953 1170 nequeiirmisnexi·

127 1171 198 1224 -bus
219 1169 339 1236 ligneam
360 1185 521 1239 compagem
541 1172 741 1239 superstruxit:
778 1176 812 1221 ut
831 1171 877 1236 qui
895 1185 953 1220 non

125 1299 129 1306 1
145 1238 318 1292 abundantia
328 1243 474 1306 pecuniae,
490 1257 544 1294 nec
554 1241 713 1308 municipali
724 1241 888 1302 ambitione,
900 1238 953 1290 sed

74 1351 75 1354 ,
117 1347 119 1350 .
144 1309 176 1359 in
195 1309 309 1359 sordida
328 1310 457 1362 mercede
473 1312 502 1362 id
518 1315 660 1379 negotium
675 1313 864 1378 quaesivisset.
899 1307 954 1361 nd-

143 1375 252 1446 lssuxere
263 1378 458 1441 aviditalium,
477 1381 655 1448 imperitante
665 1381 779 1433 'liberio
795 1378 892 1446 procul
908 1392 955 1428 ro·

144 1445 301 1515 luptatibus
312 1447 412 1513 habiti,
437 1451 517 1502 virile
528 1467 561 1502 ac
570 1452 707 1503 muliebre
718 1465 798 1502 secus
810 1451 899 1509 omnis
909 1448 956 1499 ae»

145 1526 204 1583 tas,
233 1520 268 1570 ob
279 1522 513 1588 propinquitatem
528 1522 583 1574 loci
599 1521 727 1576 effusius:
757 1520 831 1580 unde
842 1518 956 1587 gravior

146 1591 233 1657 pestis
244 1588 311 1651 fuit,
332 1590 459 1642 conferta
469 1590 558 1654 mole,
580 1591 643 1642 dein
655 1590 801 1653 convulsa,
821 1589 886 1640 dum
897 1588 957 1639 ruit

145 1660 231 1722 intus,
250 1660 337 1717 autin
348 1662 488 1712 exteriora
498 1658 662 1712 effunditur:
681 1663 889 1726 inmensamque
898 1658 957 1708 vim

146 1727 320 1791 mortalium,
346 1729 504 1795 spectaculo
514 1731 650 1790 intentos,
678 1727 785 1793 autqni
795 1726 896 1776 circum
909 1725 957 1777 ad-

55 1856 58 1859 ,
146 1798 268 1857 stabant,
279 1810 411 1864 praecep:
422 1796 509 1848 trahit
520 1803 604 1865 atque
615 1798 714 1863 operit.
734 1796 772 1846 Et
781 1793 824 1844 illi
834 1795 957 1863 quidem,

147 1881 217 1933 quos
228 1866 393 1932 principium
404 1868 505 1934 stragis
516 1867 545 1917 in
555 1872 673 1916 mortem
685 1862 840 1927 adflixerat,
860 1869 893 1914 ut
901 1864 956 1915 tali

69 1950 75 1993 ζ
146 1941 237 2001 sorte,
259 1938 413 1987 cruciatum
425 1933 558 2003 effugere.
593 1933 747 1986 Miserandi
756 1934 957 2001 magis,·quo,

7 2012 18 2020 ⁸
146 2004 265 2069 abrupta
275 2008 353 2068 parte
363 2007 498 2070 corporis,
514 2004 636 2055 nondum
645 1999 888 2055 vitadeseruerat:
905 2004 955 2071 qui

146 2088 198 2140 per
208 2073 280 2124 diem
290 2074 359 2136 visu,
374 2079 544 2143 pernoctem
555 2074 708 2127 ululatibus
718 2078 748 2126 et
756 2074 871 2140 gemitu,
888 2086 955 2124 eon-

146 2146 226 2209 iuges
237 2145 286 2191 aut
295 2141 399 2195 liberos
410 2146 572 2195 noscebant.
608 2144 666 2196 larn
678 2145 764 2195 ceteri
775 2142 850 2193 sama
861 2142 955 2203 exciti,

126 2244 130 2251 ·
146 2212 192 2263 hic
202 2210 333 2275 fratrem,
353 2215 538 2283 propinquum
547 2214 609 2278 ille,
630 2214 701 2265 alius
711 2218 841 2280 parentes
850 2210 956 2261 lamen·

58 2340 64 2353 .
148 2282 210 2333 turi.
248 2280 474 2351 etiamqnorum,
503 2284 614 2336 diversa
629 2284 663 2344 de
673 2296 784 2346 caussa,
811 2280 955 2332 amiciunt

148 2350 296 2403 necessarii
306 2353 436 2415 aberant,
457 2368 559 2419 pavere
574 2358 681 2407 tamen:
702 2367 791 2418 neque
805 2351 870 2401 dum
881 2359 954 2399 com·

148 2427 241 2487 porto,
270 2435 340 2488 quos
358 2422 409 2475 illa
426 2422 466 2474 vis
485 2426 661 2491 perculisset,
690 2422 775 2475 latior
791 2434 826 2473 ex
844 2420 954 2474 incerto

147 2497 246 2543 metus.
355 2496 359 2504 '
913 2538 917 2545 .

199 2558 300 2617 LXIII.
318 2558 356 2613 Vt
374 2576 493 2629 coepere
512 2562 647 2619 dimoveri
667 2561 781 2624 obruta;
802 2567 952 2611 concursus

148 2628 183 2680 nd
193 2632 344 2695 exanimos,
354 2633 608 2701 complectentium,
617 2631 815 2686 osculantium:
831 2633 861 2679 et
869 2636 952 2689 saep·
