2034 3025
62 120 160 174 arn.
172 86 242 174 xn.
264 82 347 170 ¹cnr.
359 115 456 170 tom.
477 114 633 184 [abac.
650 118 720 172 ac.
732 123 785 188 52]
803 124 856 177 mr

34 245 84 282 roa
90 266 100 294 ,
123 241 291 296 quamquam
299 223 331 277 in
341 234 458 292 tempore
471 225 615 278 validiores
621 242 632 285 ,·
644 219 677 278 ¹ut
687 228 755 279 eatis
765 231 858 298 cogni·

36 307 102 350 tam
113 295 309 348 Armeniorum
315 293 470 364 perfidiam·
490 311 539 348 nec
549 295 627 347 aliud
634 295 759 360 subsidii,
777 314 857 363 quam

37 368 206 428 castellam,
223 372 371 416 commeatu
385 381 505 433 egenum.
532 382 565 418 ne
575 365 713 417 dubitaret
723 367 806 417 aruris
816 366 858 418 in·

38 443 179 488 cruentat
195 433 357 486 conditiones
372 435 466 486 rrrutle:
485 439 634 486 cunctante
648 436 683 486 ad
700 435 856 486 ealllithri·

40 505 123 567 date,
135 509 168 556 et
179 504 318 570 suspectis
329 501 467 554 Praefecti
478 504 623 566 aurisiliisc
640 505 714 571 quod
725 505 853 573 pellicem
876 539 887 549 ,

40 575 170 641 Regiam
191 573 344 638 polluerat,
363 573 448 639 inque
463 588 573 624 onrrrem
587 574 732 624 libidinem
747 574 854 639 venalis

42 643 218 695 habebatur.
243 641 518 708 Casperius'interim
529 643 563 692 ad
575 641 781 703 Pharasmanen
792 659 855 710 per·

42 713 137 775 vadit,
155 718 241 774 utque
251 708 325 760 meri
335 708 435 761 nisidio
446 711 585 774 decedant,
595 712 766 781 expostulat.
785 713 854 764 ‘llle

43 781 198 848 propalam
213 781 331 842 incerta,
353 781 503 846 etsacpius
519 781 649 833 molliora
668 783 853 849 respondens,
871 832 873 835 ,

43 850 172 903 seeretis
192 849 306 918 nuntiis
320 855 417 900 nannet
430 847 657 912 Rhadamistum,
677 851 854 919 oppugnatio-

43 934 109 972 nem
124 931 230 985 quoquo
245 917 320 968 erectio
330 918 454 969 celerare.
489 921 616 985 illigetur
626 917 726 986 flagitii
737 919 853 982 merces,
887 925 893 937 ⁸

45 996 76 1042 et
89 987 186 1039 Pollio
198 987 308 1038 occulta
319 987 499 1054 corruptione
510 986 623 1053 inpellit
633 989 747 1052 milites,
762 996 796 1040 ut
803 1006 854 1056 pn·

45 1072 106 1110 cem
119 1055 298 1124 flagitarent,
316 1071 394 1122 seque
404 1053 544 1121 pracsidio
559 1054 681 1107 adituros
691 1059 854 1127 minitaren-

46 1136 105 1177 tur.
144 1126 206 1188 Qua
225 1126 395 1176 necessitate
410 1122 592 1176 Mithridates
611 1124 686 1177 diem
705 1125 852 1193 locumque

48 1195 161 1248 foederi
173 1194 288 1258 accepit,
300 1192 470 1260 castelloque
482 1194 635 1274 egreditur.

102 1263 216 1315 XLVll.
235 1263 273 1312 hc
284 1263 373 1329 primo
384 1259 581 1313 Rhadanustus
595 1265 625 1313 in
636 1263 780 1330 amplexus
791 1258 857 1316 eiua'

51 1332 170 1395 effusus,
190 1332 322 1383 simulare
334 1331 509 1398 obsequium,
529 1347 650 1384 socerum
665 1347 698 1383 ac
710 1341 853 1400 parentem

51 1401 203 1468 adpellare.
236 1399 556 1462 Adlicitiusiurandum,
575 1401 730 1469 conferre,
749 1416 854 1452 nonve·
915 1435 918 1440 -

50 1486 121 1525 neno
138 1469 193 1523 airu
211 1469 383 1523 adiuturum.-
402 1467 486 1520 sinrul
504 1468 534 1519 in
553 1469 646 1520 lucum
664 1471 854 1538 propinquum
943 1500 950 1510 κ

51 1541 150 1603 trahit,
155 1539 292 1607 probitum
302 1538 359 1591 illic
367 1536 532 1606 sacrficium
541 1538 703 1605 temperatum
712 1538 854 1601 dictitans,

52 1618 85 1662 ut
98 1608 162 1661 Diis
178 1608 290 1661 tentibus
305 1624 363 1673 pax
376 1606 541 1676 firmaretur
585 1608 650 1659 Mos
666 1612 710 1659 est
718 1607 854 1675 Regibus,

54 1680 185 1748 quotiens
202 1680 234 1729 -in
254 1679 418 1731 societatem
438 1683 553 1738 coeant,
573 1676 706 1743 inplicare
727 1676 854 1739 dextras,

53 1748 225 1817 pollicesque
236 1748 312 1797 inter
323 1762 353 1797 se
363 1746 478 1809 uincire,
486 1746 619 1813 nodoque
631 1747 854 1812 praestringere:

55 1831 129 1880 arou,
140 1817 187 1867 ubi
198 1817 312 1883 sanguis
319 1820 398 1870 artus
406 1820 549 1867 extremos
559 1812 718 1877 suffuderit,
727 1816 785 1867 levi
795 1815 855 1867 ictu

56 1900 181 1939 cruorem
193 1886 310 1937 eliciunt
320 1890 405 1952 atque
415 1886 534 1939 invicem
543 1884 679 1936 lambunt.
707 1884 738 1934 id
752 1882 854 1935 foedus

57 1969 184 2007 arcanum
204 1952 338 2017 hahetur,
365 1955 445 2021 quasi
467 1959 564 2006 rnutuo
584 1968 684 2005 cruore
703 1959 852 2006 sacratum.

58 2022 113 2077 sed
123 2030 197 2089 tunc,
207 2024 255 2091 qui
266 2038 299 2073 ea
309 2023 419 2073 vincula
428 2022 603 2086 admovebat,
619 2022 758 2075 decidisse
769 2019 855 2074 sinrul
935 2044 944 2051 „

56 2096 127 2156 lans,
145 2106 237 2159 genua
247 2089 423 2143 Mithridatis
433 2090 554 2155 invadit,
574 2094 719 2159 ipsumque
730 2097 855 2159 proster-

59 2159 113 2224 nit:
132 2161 434 2227 simulque‚'concursu
451 2160 583 2227 plurium,
602 2162 855 2212 inliciunturcate-

61 2247 124 2294 nae,
144 2246 176 2283 ac
184 2228 318 2296 compede
333 2227 420 2296 (quod
434 2227 601 2281 dedecorum
610 2230 751 2291 barbaris>
761 2228 854 2281 trahe·

60 2303 151 2353 batur:
168 2313 289 2366 moxque
298 2296 408 2365 tulgus,
428 2296 498 2348 duro
510 2299 626 2364 imperio
637 2296 772 2362 habitum,
790 2313 867 2364 pro-1

47 2372 112 2422 'bra
128 2384 158 2419 ac
176 2368 295 2419 verbera
313 2366 483 2417 intentabat.
519 2366 650 2418 Eterant
669 2373 782 2431 contra,
806 2370 855 2433 qui

64 2442 163 2490 tantam
172 2435 306 2488 fortunae
317 2436 566 2489 conimutationem
575 2438 787 2488 miserarentur.
807 2436 855 2487 Se·

65 2512 174 2575 cuteque
185 2520 247 2555 cum
258 2505 351 2570 parvis
361 2503 459 2556 liberis
470 2508 592 2558 coniunx
606 2512 708 2557 cuncta
721 2506 856 2556 laureata·

66 2573 324 2639 tinne-complebat·
362 2573 490 2633 Diversis
512 2580 548 2624 et·
562 2576 699 2630 contectis
719 2571 855 2623 uehiculis

69 2644 212 2707 abduntur,
232 2638 298 2695 dum
315 2639 513 2695 Pharasmanis
533 2643 611 2695 iussa
630 2642 855 2709 exquirerentur.
