2034 3025
121 100 184 165 ⁴roo
221 139 224 143 .
249 95 657 166 sunnurvn1sv.7so.
676 96 816 166 acea]
881 111 884 117 =

128 213 176 258 tus
195 205 259 255 urbi
279 200 413 254 foenebre
427 201 542 264 malurn,
562 205 592 252 et
604 201 774 252 seditionum
791 200 950 261 discordia--

129 279 247 343 rumque
257 273 429 325 creberrima
439 284 553 322 caussas
567 285 657 338 eoque
667 268 858 334 cohibebatur,
868 271 943 321 anti·

130 345 192 411 quis
201 357 312 411 quoque
323 347 351 392 et
361 341 452 390 minus
462 341 602 406 corruptis
613 341 744 392 moribus.
769 339 839 391 Nam
850 341 943 405 primo
993 356 1003 386 ;

130 413 276 466 duodecim
292 410 395 462 tabulis
410 414 552 472 sanctum,
571 426 605 461 ne
619 409 679 477 quis
689 408 814 461 anemurio
823 409 943 480 socam

30 511 33 518 ·
63 487 65 495 '
125 481 402 550 appraesentent,
418 494 480 530 curu
491 479 747 530 anteaexlibidine
757 479 943 544 locupletium

130 553 300 619 agitaretur:
320 547 384 600 dein
400 548 548 615 rogatione
559 547 723 599 Tribunicio
737 548 772 600 ad
784 549 942 599 semuncias
1008 542 1014 553 '

101 671 103 676 .
130 621 255 684 redacta,
275 623 415 685 postremo
430 619 519 668 vetita
533 632 659 669 versura.
686 618 838 684 multisque
852 617 943 683 plebis

131 691 209 742 scitis
219 689 327 740 obviam
338 687 408 737 itum
418 684 571 749 fraudibus,
581 701 661 754 quae,
671 688 775 739 totiens
785 700 943 751 repressae,

131 760 217 809 miras
232 772 284 823 per
298 761 373 808 artes
387 771 499 807 rursum
511 757 682 807 oriebantur.
719 755 775 808 Sed
784 763 844 806 tum
856 755 944 816 Grac-

28 869 31 878 .
78 845 81 854 ’
132 826 201 880 chus
211 826 329 882 Praetor
362 828 406 876 cui
416 840 451 876 ca
464 826 591 892 quaestio
601 829 749 888 evenerat'
761 825 944 876 multitudiuc

131 895 350 964 periclitantium
360 896 502 958 subactus,
512 895 610 947 retulit
620 895 655 946 ad
667 893 814 946 Senatum:
830 894 945 960 trepidi·

31 987 36 993 ·
133 980 187 1032 que
199 964 296 1016 Patres
312 966 498 1031 (nequeenim
515 966 659 1032 quisquam
670 964 723 1016 tali
734 964 817 1031 culpa
825 965 947 1025 vacuus)

132 1035 242 1085 veniam
252 1049 270 1084 a
279 1033 408 1100 Principe
418 1036 555 1100 petivere:
577 1040 614 1098 et,
625 1034 804 1097 concedente,
815 1048 904 1085 annus
913 1034 944 1083 in

132 1109 275 1168 posterum
285 1118 389 1170 sexque
399 1119 508 1156 menses
519 1104 591 1166 dati,
611 1105 685 1172 quis,
703 1104 856 1156 secundum
867 1104 944 1154 iussa

133 1172 214 1241 legis,
224 1174 350 1224 rationes
360 1172 514 1225 familiares
525 1176 642 1241 quisque
655 1179 865 1241 componerent.

186 1240 274 1294 XVll.
292 1242 368 1294 ilino
376 1243 471 1309 in'op'ia
481 1244 524 1294 rei
534 1244 690 1307 numeriae,
710 1239 946 1296 commotosimul

136 1313 257 1364 munium
268 1326 336 1364 aere
345 1312 454 1376 alieno;
474 1314 587 1380 etquis,
598 1317 641 1364 tot
652 1314 800 1378 damnatis,
811 1313 946 1378 bonisque

136 1396 233 1434 eorum
244 1380 406 1446 divenditis,
425 1383 563 1448 signatum
578 1389 726 1450 argentum
737 1386 803 1434 fisco
813 1382 858 1433 rel
868 1395 946 1431 aera·

134 1452 180 1504 ,rio
192 1449 380 1524 adtinebatur.
399 1450 434 1503 ad
445 1450 499 1503 boc
510 1450 630 1518 ¹Senatus
641 1456 867 1521 praescripserat,
878 1450 963 1503 decas,

103 1576 105 1581 ,
136 1520 248 1589 quisque
262 1521 387 1592 foenoris
397 1531 494 1590 partes
507 1521 537 1575 ia
552 1523 632 1592 agris
645 1541 698 1592 per
706 1521 949 1576 Italiamconloca·

138 1598 191 1643 ret.
227 1588 283 1643 Sed
295 1592 448 1644 creditores
458 1593 486 1643 in
497 1592 619 1643 solidum
630 1592 821 1659 adpellabant:
838 1606 890 1641 nec
900 1589 949 1641 dc·

58 1658 60 1665 ⁴
138 1674 235 1712 eorum
245 1660 402 1727 adpellatis,
417 1664 544 1712 minuere
554 1662 647 1714 iidem.
682 1663 725 1713 lte
734 1662 824 1726 primo
834 1673 949 1709 concur-

137 1732 210 1781 satio
222 1733 369 1793 etpreces:
383 1730 447 1780 dein
458 1734 585 1794 strepere
596 1730 737 1780 Praetoris
747 1727 882 1779 tribunal:
902 1742 951 1779 ea·

138 1813 202 1865 que,
221 1811 292 1864 quae
311 1798 434 1849 remedio
449 1799 589 1865 quaesita,
607 1797 730 1847 venditio
741 1801 769 1848 et
779 1798 897 1861 emptio,
917 1797 951 1849 in

140 1867 313 1918 contrarium
325 1867 441 1929 mutari3
461 1868 527 1934 quia
543 1865 734 1917 foeneratores
745 1880 856 1917 omnem
867 1879 951 1932 pecu·

138 1936 215 1987 niam
226 1935 382 1986 mercandis
392 1936 467 2001 agris
478 1934 670 1986 condiderant.
690 1936 802 2001 copiam
807 1934 950 1986 vendendi

139 2009 237 2057 secuta
245 2003 368 2067 vilitate,
388 2008 491 2070 quanto
502 2004 565 2072 quis
576 2003 752 2068 obaeratior,
772 2005 884 2071 aegrius
893 2004 950 2054 dis·

138 2070 303 2135 trahebant3
324 2072 461 2139 multique
472 2071 593 2123 fortunis
603 2073 850 2140 provolvebanturz
872 2088 949 2125 erer-

139 2145 182 2195 sio
197 2157 238 2193 rer
254 2140 400 2193 familiaris
420 2142 585 2210 dignitatem
599 2158 632 2195 ac
647 2143 749 2195 samam
759 2157 892 2210 praeceps
902 2141 950 2193 da·

139 2214 202 2267 bat:
222 2210 312 2263 donec
328 2211 395 2262 tulit
410 2225 490 2278 opem
502 2213 614 2277 Caesar,
631 2212 766 2281 disposito
777 2228 827 2280 per
838 2225 950 2272 mensas

80 2282 86 2293 ’
139 2281 243 2334 millies
251 2282 389 2344 sestertio,
400 2280 529 2350 factaque
541 2284 685 2335 mutuandi
695 2286 775 2350 copia
784 2284 846 2334 sinc
856 2282 951 2333 usuris

140 2366 191 2419 per
201 2352 366 2414 triennium,
387 2351 411 2402 si
425 2351 536 2404 debitor
547 2353 651 2419 populo
662 2354 690 2404 in
700 2354 814 2420 duplum
825 2350 951 2418 praediis

141 2421 270 2473 cavisset.
306 2418 352 2471 Sic
362 2419 468 2473 refecta
478 2422 557 2484 tides,
576 2428 605 2474 et
614 2423 759 2489 paullatim
770 2422 871 2489 privati
882 2433 952 2487 quo·

141 2504 196 2557 que
207 2489 359 2543 creditores
369 2492 483 2557 reperti.
512 2507 603 2559 neque
614 2494 716 2559 emptio
728 2493 862 2561 agrorum‘
871 2503 953 2542 exer·

142 2559 198 2609 cita
217 2559 253 2612 ad
268 2558 387 2611 sormam
399 2559 651 2630 senatusconsultu
671 2566 789 2627 acribus,
808 2567 841 2614 ut
860 2559 950 2615 ferme

136 2627 328 2695 cananitis,
343 2630 483 2686 incurioso
494 2634 559 2687 line.
