2034 3025
126 126 208 185 Lm
218 130 258 182 11.
277 126 361 181 chr.
370 125 494 180 65-67.
513 128 558 197 [Α.
568 132 601 183 V.
611 148 669 199 77²·
683 128 714 183 Α.
725 132 756 183 C.
768 131 821 203 sp]
836 126 892 189 ’87

80 214 208 227 -υ-

73 238 295 293 conditionibus:
315 234 460 286 cumalter
471 233 692 297 facilitate,alter
702 236 813 303 fraude,
823 254 890 293 euu-

75 313 121 363 eta
139 311 216 360 inter
229 322 261 357 se
275 303 461 356 concederent
474 306 698 373 acciperentque.
732 306 889 375 Rhescupo-

75 382 114 432 ris
129 375 296 436 sanciendo,
316 380 348 424 ut
357 372 520 437 dictitabat,
540 374 645 427 foederi
658 376 810 427 convivium
821 377 888 429 adii·

2 473 5 490 ι
74 451 126 500 cit:
146 452 296 511 tractaque
305 444 334 493 iu
344 442 462 494 multam
472 450 583 495 noctem
594 444 716 508 laetitia,
732 446 887 512 perepulas

73 516 299 570 acrinolentiam
310 516 450 562 incautum
461 512 567 579 Cotyn,
582 520 622 577 et,
633 522 780 595 postquam
791 512 886 565 dolum

73 586 273 644 intellexerat,
291 578 474 649 sususregrss‘,
492 582 609 635 eiusdem
613 583 745 655 ssuu'lsae
754 580 842 646 Deos,
860 590 888 636 et

73 653 219 722 hospitalis
230 665 335 703 rnerrsus
345 651 545 716 obtestantem,
556 654 661 703 catenis
673 658 781 705 onerat.
798 650 887 705 Thra-

75 728 176 791 ciaque
192 722 269 772 omni
284 722 390 786 potitus
403 721 516 787 scripsit
530 722 565 773 ssi
581 722 739 786 Tiberium,
766 730 887 775 structus

73 791 266 853 ss‘lss‘s'rrsidias,
276 796 458 857 praesertum
466 789 667 843 insidiatorem:
686 790 769 843 sinsul
780 791 885 845 bellum

73 863 209 915 adversus
225 860 377 910 Bastemas
393 856 568 928 Scythasque
582 862 782 927 praetendens,
806 860 886 913 novis

72 930 200 1000 peditum
221 935 250 980 et
264 930 388 995 equitum
403 929 490 995 copiis
505 945 566 982 sese
583 932 720 983 firmabat.
756 932 886 983 Molliter

73 1003 241 1066 rescriptum
248 1035 256 1061 ,
266 998 290 1049 si
294 998 380 1070 fraus
390 996 508 1062 abesset,
513 1014 591 1065 posse
601 1016 660 1052 eum
671 998 885 1082 innocentiaest·

72 1071 149 1123 ders.-
168 1076 289 1121 ceterum
299 1080 382 1132 usque
392 1083 434 1129 ss,
451 1084 536 1133 aeque
548 1068 690 1131 Senatum,
710 1070 763 1122 niss'
771 1078 884 1139 cognata

73 1156 185 1203 cauus,
203 1138 247 1189 ius
260 1145 289 1188 et
301 1136 435 1188 iniurium
445 1136 616 1190 discreturus.
632 1138 760 1206 proinde,
778 1138 884 1192 tradito

72 1208 116 1263 Co
147 1228 176 1272 s,
186 1208 291 1261 reniret
301 1206 520 1277 transferretque
528 1206 659 1261 inuidiam
669 1207 798 1261 criminis.

151 1278 228 1331 xvi.
245 1278 302 1327 Eas
313 1276 423 1327 litteras
433 1276 561 1329 latiaim
572 1276 697 1341 Pandus,
713 1278 884 1346 Propraetor

73 1348 214 1408 Moesiae,
233 1362 295 1397 cum
312 1345 461 1410 militibus,
481 1347 543 1414 quis
559 1348 644 1414 Cotys
659 1348 834 1409 traderetur,
854 1348 883 1398 lu

73 1417 225 1471 Thraciam
235 1417 319 1467 misit.
354 1413 554 1483 Rhescuporis,
575 1418 648 1467 inter
659 1424 762 1467 metum
775 1416 884 1469 stiram

72 1488 235 1549 cunctatus,
265 1484 363 1536 maluit
383 1488 502 1552 patrati,
527 1500 610 1554 quam
630 1486 732 1552 incepti
751 1480 884 1537 facinoris

70 1574 139 1612 reus
151 1572 226 1609 esset
247 1554 333 1607 occidi
345 1553 434 1623 Cotyn
443 1556 530 1618 iubet,
541 1562 704 1620 mortemque
714 1562 805 1620 sponte
815 1569 885 1604 sum·

65 1636 149 1697 ptam
163 1625 325 1678 ementitur.
367 1625 425 1677 Nec
440 1629 534 1676 tamen
550 1626 653 1675 caesar
668 1622 783 1689 placitas
797 1621 886 1674 semel

70 1702 149 1749 artes
160 1697 291 1754 mutavit,
300 1692 363 1757 sed,
374 1693 507 1746 defuncto
518 1693 626 1755 Pando,
643 1709 724 1761 quem
733 1693 786 1744 sihi
796 1691 884 1744 infen-

70 1782 134 1819 sum
154 1763 342 1830 Rhescuporis
365 1764 516 1834 arguebat,
541 1763 722 1831 Pomponium
743 1763 884 1828 Flaccum,

69 1842 199 1889 veterem
208 1833 355 1900 stipendiis
366 1841 394 1885 et
405 1839 466 1884 arta
477 1849 539 1886 cunr
549 1835 626 1902 Rege
636 1834 773 1896 amicitia,
793 1847 884 1902 eoque

67 1904 352 1959 accommodatiorem
363 1901 400 1954 ael
410 1901 578 1970 fallendum,
593 1904 629 1956 oh
639 1903 667 1954 id
677 1904 796 1956 maxime
805 1903 884 1956 Moe·

69 1977 130 2028 siae
140 1972 287 2042 praefecit.

123 2043 240 2097 LXVII.
258 2041 373 2093 Flaccus
379 2042 411 2092 in
422 2042 571 2094 Thraciam
582 2045 771 2111 transgressus
781 2057 832 2110 per
842 2044 883 2093 in·
901 2061 913 2078 ·

69 2115 167 2183 gentis
180 2113 330 2180 promissa,
348 2114 472 2178 quamvis
488 2111 647 2180 ambiguum
664 2120 693 2164 et
706 2111 816 2164 scelera
830 2125 882 2164 sua

70 2188 264 2251 reputantem,
280 2181 458 2248 perpulit,·ut
468 2181 607 2248 praesidia
618 2183 744 2234 Romana
753 2183 881 2234 intraret.
965 2209 969 2216 ·

68 2253 246 2306 circumdata
256 2250 320 2318 hinc
331 2252 413 2318 Regi,
422 2252 517 2318 specie
525 2249 654 2314 honoris,
663 2252 756 2303 salida
765 2245 880 2302 manus}

69 2324 246 2390 Tribuniqrre
257 2326 287 2372 et
296 2322 492 2383 Centuriones,
506 2321 662 2386 monendo,
675 2321 832 2386 suadendo,
842 2326 881 2386 et,

69 2397 178 2462 quanto
189 2391 301 2458 lougius
311 2389 526 2459 abscedebatur,
535 2392 677 2458 apertiore
687 2391 823 2453 custodia,
834 2405 880 2456 po-

68 2470 176 2515 stremo
186 2475 304 2528 gnarum
316 2461 489 2513 necessitatis
498 2462 528 2511 in
539 2462 636 2513 urbem
646 2466 766 2512 traxere.
794 2461 880 2511 hecu-

69 2538 147 2585 satus
158 2531 188 2582 in
199 2530 305 2582 Senatu
316 2531 351 2582 ab
361 2545 449 2582 uxore
460 2531 557 2596 Cotyis
568 2531 730 2592 damnatur,
739 2533 772 2580 ut
781 2525 881 2595 procul

68 2614 157 2670 regno
178 2603 331 2652 teneretur.
368 2598 491 2652 Thracia
504 2601 534 2650 in
549 2597 766 2651 Rhoemetalcen
780 2595 879 2658 tilium,

69 2684 152 2742 quem
163 2670 291 2739 paternis
301 2669 423 2722 consiliis
433 2669 611 2722 adversatum
622 2666 780 2730 constabat,
793 2665 879 2732 inque
