2034 3025
150 120 200 176 roo
242 110 542 177 ursroernnvru
575 70 861 181 [suessam
907 78 937 107 ·’
1015 64 1016 73 ¹

146 191 968 216 W

147 227 259 282 seraitia
266 241 319 293 pro
334 222 442 278 Visellio
450 220 570 281 crrnars',
581 218 770 269 nurntlabatur.
807 218 844 267 Et
856 216 966 270 Petilio

147 296 249 353 ceriali
258 297 389 363 equestre
401 288 537 357 proelium
548 288 693 339 adversum
705 284 807 337 iussae
836 302 966 356 namque

150 372 303 427 incautum,
315 367 343 414 et
354 367 494 427 tamquam
504 358 540 409 ad
551 358 639 408 victos
650 362 793 417 ruentem,
804 354 965 419 Vitelliani,

149 438 313 490 interiectus
322 432 408 500 equiti
417 429 517 495 pedes,
538 438 680 491 excepere.
716 430 873 491 pugnatum
886 425 963 477 haud

90 545 94 554 s
148 506 246 575 procul
258 503 342 565 urbe,
361 503 437 551 inter
455 497 586 549 aedilicia
599 494 752 560 hortosque
769 499 798 543 et
811 494 962 545 anfractus

148 578 263 629 viarum.
299 586 369 639 quac
388 582 475 637 gnara
489 565 657 626 Vitellianis,
676 564 851 629 incomperta
874 562 963 615 hosti·

148 650 210 709 bus,
228 647 334 696 metum
354 638 487 691 fecerant.
523 648 613 703 neque
628 633 717 683 omnis
732 646 816 697 eques
833 646 965 697 concors3

150 715 289 768 adiunctis
300 708 473 778 quibusdam,
496 706 543 774 qui
555 718 643 769 nuper
653 700 726 767 apud
737 700 874 754 Narniam
887 702 963 753 dedi-

149 789 180 848 ti,
200 785 341 835 fortunam
357 780 477 844 partium
490 774 713 840 speculabantur.
749 771 862 836 capitur
878 770 965 823 Prae·

149 854 240 906 fectus
249 850 322 911 alae,
330 847 442 900 Tullius
452 844 614 896 Flavianus:
627 842 713 893 ceteri
722 838 807 891 foeda
817 838 890 909 fuga
900 854 963 892 eon·
1015 842 1016 859 ³

149 926 322 981 sternantur,
341 930 398 967 non
409 915 485 965 ultre
493 913 613 965 Fidenas
624 911 726 962 secutis
737 908 905 961 victoribus.

202 986 315 1041 LXXX.
349 985 392 1037 Eo
401 998 530 1035 successu
541 981 635 1034 studia
644 978 740 1047 populi
749 983 841 1029 aucta
861 980 963 1049 vulgus

149 1059 286 1113 urbanum
297 1070 376 1107 arma
386 1054 465 1121 cepit.
499 1052 601 1103 Paucis
612 1056 691 1101 scuta
701 1048 842 1110 militaria,
854 1037 963 1115 plures,

149 1130 246 1195 raptis,
257 1126 333 1196 quod
342 1124 439 1190 cuique
448 1123 572 1183 obvium,
586 1119 659 1182 telis,
678 1118 702 1169 s'
740 1118 908 1185 urapognae'
918 1132 963 1170 ex·
1015 1114 1016 1175 l

149 1201 275 1267 poscunt.
310 1195 375 1259 Agit
385 1197 478 1258 grates
486 1190 627 1250 Vitellius,
648 1192 704 1239 eta
732 1186 860 1237 lacedem
869 1186 963 1238 urbem
1015 1176 1016 1199 ¹

147 1262 419 1337 prorumpereiubet
456 1260 533 1321 Max,
552 1262 651 1310 vocato
663 1255 777 1317 Senatu,
796 1253 964 1323 deliguntur
1015 1252 1016 1297 l

150 1338 237 1405 legati
247 1334 283 1385 ad
293 1332 442 1391 exercitus,
460 1335 494 1379 ut
502 1332 649 1395 praetexto
660 1318 837 1391 Reipublicae
850 1339 964 1375 concar-

152 1406 227 1459 diam
246 1415 400 1471 pacemque
418 1398 577 1461 sumerent.
614 1395 702 1447 Varia
722 1393 882 1459 legatorum
902 1408 964 1443 sors
1015 1454 1016 1457 Ἴ

142 1476 214 1529 tau
250 1474 304 1535 Qui
316 1469 417 1523 Petilia
428 1457 531 1520 Ceriali
541 1467 731 1524 occurrerant,
741 1461 899 1516 extremum
911 1463 965 1514 dis·

92 1566 100 1585 ·
151 1549 256 1601 crimen
266 1543 377 1602 adiere,
395 1538 579 1604 adspernante
591 1534 679 1584 milite
693 1531 871 1583 conditiones
879 1534 966 1598 pacis.

151 1616 316 1666 vulneratur
326 1610 459 1671 Praetor,
477 1605 614 1657 Arulenus
629 1603 767 1652 Rusticus.
803 1602 884 1652 auxit
897 1603 966 1652 inri-

90 1736 93 1739 ,
152 1687 327 1748 diam,super
335 1678 469 1729 violatum
480 1675 566 1742 legati
577 1672 772 1737 Praetorisque
782 1685 977 1738 nomen,pro·=

152 1756 214 1823 pria
223 1751 347 1818 dignatio
360 1749 422 1799 riri.
458 1745 588 1811 palantur
601 1742 730 1792 comitem
751 1739 891 1794 occiditur
901 1755 970 1806 pro·

151 1827 244 1877 ximus
254 1821 346 1872 lictor.
382 1817 523 1868 dimovere
533 1813 644 1864 turbam
654 1823 749 1860 ausus:
769 1813 804 1870 et,
822 1810 852 1859 ni
868 1804 941 1860 dato
953 1825 971 1862 a

153 1893 234 1945 Duce
244 1887 383 1958 praesidio
393 1884 501 1952 defensi
513 1882 614 1944 forant,
633 1893 741 1930 sacrum
753 1879 838 1929 etiarn
847 1879 878 1929 in
889 1884 971 1932 exte·

153 1977 201 2016 ras
211 1965 309 2028 gentes
318 1959 474 2024 legatorum
485 1954 538 2015 ius,
574 1955 639 2002 ante
650 1951 711 2015 ipsa
725 1949 831 2014 patriae
842 1950 971 2011 nicenis,
1013 1997 1014 2000 ,

154 2032 243 2086 civilis
251 2028 343 2079 rabies
353 2039 440 2092 usque
450 2025 478 2072 in
484 2021 599 2072 exitium
609 2024 783 2068 temerasset.
818 2018 973 2084 Aequiori·

152 2104 206 2153 bus
216 2099 314 2150 animis
324 2095 431 2158 accepti
444 2095 525 2150 sunt,
544 2089 596 2154 qui,
607 2087 643 2138 ad
658 2089 807 2138 Antonium
818 2091 972 2149 venerant,
1013 2123 1014 2126 η

154 2185 209 2222 non
221 2169 286 2238 quie
295 2164 449 2217 modestior
459 2158 548 2231 nrilcs,
562 2157 610 2208 sed
622 2156 694 2207 Duci
705 2155 969 2220 pluseuetoritatis.
1013 2153 1014 2156 ’

206 2236 333 2291 LXXXl.
368 2232 523 2282 Miscuerat
536 2242 567 2280 se
584 2225 847 2292 legnusletuscnius
862 2224 971 2288 Rufus,
1015 2253 1016 2260 κ

154 2309 301 2376 Εφιεεὲπίε
320 2301 434 2362 ordinis,
455 2298 577 2350 stadium
597 2293 788 2362 philosophiae
808 2298 837 2345 et
857 2293 972 2360 placita

155 2377 312 2430 Stoicorum
323 2368 491 2420 aemulatus:
514 2365 725 2431 coeptabatque,
743 2363 898 2430 permixtus
911 2379 973 2414 ma·

48 2446 63 2467 ⁸
155 2445 268 2511 nipulis,
284 2439 355 2489 bona
368 2436 443 2500 pecie
458 2452 490 2486 ac
505 2435 568 2486 belli
582 2431 738 2484 discrimina
755 2433 905 2494 disserens,
927 2447 972 2482 ar·

156 2518 246 2563 matos
256 2519 378 2558 monere.
416 2504 448 2556 ld
459 2504 597 2570 plerisque
612 2501 748 2563 ludibrio,
768 2499 898 2567 pluribus
910 2505 974 2552 tae·
1015 2533 1016 2570 ,

135 2581 145 2597 ¹
157 2580 213 2631 dia.
248 2590 300 2625 nec
308 2571 435 2635 deerant,
446 2574 492 2638 qui
504 2569 694 2637 propellerent
704 2570 974 2639 proculcarentque,
1015 2577 1016 2594 ¹

132 2687 135 2691 ,
156 2649 194 2708 ni,
212 2641 357 2694 &monitu
376 2641 572 2694 modestissimi
591 2639 734 2703 cuiusque,
755 2644 784 2688 et
802 2637 872 2692 aliis
887 2638 976 2689 mini-

968 2913 980 2969 l
