2034 3025
172 145 207 198 aa
267 136 886 215 nrsroarasvm[s.v.s2sac70.]

172 257 267 322 inopia
277 263 407 324 quaestus
418 263 447 308 ct
460 256 577 322 penuria
587 254 793 304 alimentorum.
831 253 994 324 conrupta

169 326 362 392 stagnantibus
373 324 613 392 aqrrisinsularam
625 321 820 385 fundamenta,
839 321 922 386 dein,
946 341 992 377 rc-

172 400 281 444 mcantc
296 393 426 455 flumine,
444 393 559 458 dilapsa.
596 392 688 457 thue
705 391 823 455 primum
838 405 957 443 vacuus
973 409 991 445 a

168 463 295 528 periculo
312 464 418 512 animus
435 461 502 522 fuit,
520 461 548 509 id
564 461 667 526 ipsum,
686 458 761 526 quod
772 461 886 524 paranti
898 476 989 528 expe-

167 531 304 582 ditionem
321 529 438 592 Othoni,
462 543 576 593 campus
595 529 713 578 Martius
730 527 986 592 etvialrlamrnra,

168 601 223 650 iter
238 599 303 650 belli
313 604 388 650 esset
398 600 570 648 obstructum
581 611 598 646 a
607 596 732 646 fortuitis
743 595 787 645 vel
797 597 985 650 naturalibus

168 671 289 728 caussis,
308 668 338 717 iu
348 667 545 734 prodigiumet
554 674 635 714 omen
645 664 840 714 inminentium
850 665 983 718 cladium

168 738 340 787 rcrtcbatur.
911 753 915 757 ·

168 837 170 841 .
220 803 383 855 Lxxxvlr.
420 801 509 863 ollio,
541 801 666 850 lustrata
684 801 768 863 urbe,
795 805 825 851 et
842 805 980 869 expensis

166 871 234 922 belli
249 871 382 934 consiliis,
395 871 516 938 ¹quando
530 869 649 919 l'eninae
664 870 828 936 Cottiaeque
842 869 934 936 Alpes
951 881 980 926 et

168 941 253 990 ceteri
265 939 418 990 Galliarum
434 941 526 990 aditus
539 939 695 989 Vitellianis
713 938 885 989 exercitibus
901 941 978 992 clau-

168 1005 316 1069 dabantur,
339 1007 553 1059 Narbonensem
573 1006 694 1056 Galliam
722 1005 839 1074 adgredi
858 1010 977 1073 statuit;

168 1075 258 1127 classe
273 1075 366 1126 valida
380 1077 544 1142 etpartibus
560 1075 628 1136 fida,
658 1075 733 1142 quod
744 1076 867 1141 reliquos
879 1092 976 1129 caeso·

168 1158 228 1195 rum
244 1145 280 1195 ad
295 1151 406 1210 pontem
422 1145 563 1205 Milvium,
593 1147 623 1194 et
635 1145 753 1195 saevitia
768 1143 878 1196 Galbae
889 1147 917 1195 in
930 1163 975 1198 cu-

167 1213 286 1264 stodiam
301 1212 425 1274 habitos,
444 1214 472 1262 in
487 1226 617 1265 numeros
632 1211 751 1279 legionis
761 1218 973 1279 composuerat,

169 1279 243 1334 facta
254 1286 282 1332 et
292 1278 448 1347 coteris'spe
455 1279 685 1332 bonoratioris'in
694 1283 837 1348 posterum
845 1283 971 1334 nrilitiae.

166 1351 279 1403 Addidit
293 1351 376 1402 classi
386 1351 505 1401 urbanas
522 1349 651 1401 cohortes
666 1355 695 1401 ct
704 1350 852 1418 plerosque
862 1365 879 1402 e
891 1351 972 1403 Prae·

46 1475 51 1480 ,
88 1469 90 1473 Α
166 1417 296 1484 torianis,
311 1421 387 1472 sires
403 1425 432 1472 et
445 1421 531 1471 robur
546 1419 698 1481 exercitus,
717 1425 800 1486 atque
811 1419 971 1485 ipsisssuci·

113 1492 127 1498 ’“
166 1489 562 1545 busconsiliumetcustodes.
598 1488 712 1540 Summa
722 1486 907 1554 expeditionis
917 1491 970 1542 lin·

166 1562 243 1613 tonia
255 1559 389 1624 Novello,¹
402 1558 505 1612 Suedio
518 1558 664 1620 Clementi,
678 1558 906 1623 primipilaribus,
920 1560 970 1610 Ac-

168 1630 245 1680 milio
261 1629 388 1692 Pacensi,
413 1631 458 1680 cui
474 1629 632 1693 ademptum
648 1641 665 1677 a
680 1626 770 1677 Galba
786 1627 969 1687 Tribunatum

168 1698 338 1761 reddiderat,
358 1700 499 1765 permissa.
519 1698 621 1747 Curam
632 1696 742 1745 nauum
753 1694 843 1747 Oscos
854 1695 970 1747 libertus

167 1768 316 1829 retinebat,
337 1766 372 1817 ad
383 1766 583 1817 observandam
596 1762 783 1815 honestiorum
789 1764 875 1815 ‘iidem
888 1766 969 1815 comi·

168 1842 250 1885 tatus.
285 1834 416 1887 Peditum
431 1837 609 1903 equitumque
625 1833 711 1898 copiis
728 1832 878 1888 Suetonius
888 1834 969 1885 Paul·

168 1904 249 1967 linus,
270 1904 491 1967 Mariuscelsus,
510 1904 618 1955 Anrrins
630 1902 736 1963 (labus,
749 1907 877 1955 ¹rectores
888 1902 968 1954 desti-

62 2008 65 2015 .
167 1974 235 2021 nati.
272 1971 327 2023 Scd
343 1974 463 2039 plurima
478 1973 665 2024 lides'Lieinio
677 1969 810 2033 Proculo,
829 1965 972 2023 Praetorii

165 2040 321 2093 Praefecto.
358 2044 381 2091 is
401 2043 525 2092 urbanae
546 2042 662 2108 utilitiae
681 2040 802 2105 inpiger,
830 2039 966 2092 bellorum

165 2109 296 2171 insolens,
315 2111 511 2175 auctoritatem
523 2109 657 2170 Paullini,
678 2109 800 2175 rigorem
811 2107 895 2171 Celsi,
913 2124 967 2160 ma·

166 2179 309 2231 toritatem
321 2178 410 2241 Galli,
431 2183 463 2240 ut
478 2180 576 2246 cuique
592 2184 667 2239 erat,
690 2175 875 2239 criminando,
896 2178 965 2245 quod

167 2247 328 2300 t'acillimum
346 2246 423 2299 factu
439 2254 494 2311 est,
520 2262 622 2315 pravus
637 2252 665 2298 et
679 2244 813 2306 callidus,
836 2245 924 2297 bonos
938 2254 966 2298 et

166 2318 305 2368 modestos
316 2318 448 2369 anteibat.

216 2366 393 2439 LleXVlll.
430 2380 575 2452 Sepositus
599 2398 649 2449 per
672 2396 720 2435 eos
742 2380 802 2433 dies
822 2382 964 2435 Cornelius

165 2452 310 2503 Dolabella
320 2456 349 2503 in
360 2452 497 2503 coloniam
508 2454 686 2518 Aquinatem,
704 2466 795 2516 neque
805 2458 868 2504 arta
878 2460 964 2503 custo-

163 2520 223 2583 dia,
242 2536 333 2588 ireque
348 2522 477 2571 obscura:
497 2520 604 2570 nullum
617 2519 652 2569 ob
662 2519 780 2582 crimen,
798 2520 847 2571 sed
857 2527 963 2571 vetusto

165 2586 276 2640 nonrine
286 2594 315 2639 et
324 2590 530 2654 propinquitate
541 2586 647 2637 Galbae
657 2592 836 2655 monstratus.
862 2590 963 2641 Multos

164 2654 407 2723 cMagistratibus,
418 2670 547 2723 magnam
558 2654 744 2705 consularium
756 2661 873 2720 partem,
884 2656 963 2720 otto,
