2034 3025
132 132 184 187 388
252 126 479 183 ANNALIVM
495 123 542 194 [A.
552 122 584 177 V.
594 127 653 194 819.
671 120 704 174 A.
716 120 810 188 C.66.]

135 196 956 225 ’.ῳ-,ΜΨ

132 232 233 310 plexus
244 240 495 305 interrogatusque
506 252 524 287 a
533 232 658 296 Nerone,
671 224 775 301 'quibus
787 231 897 283 caussis
910 232 955 283 ad

136 310 306 361 oblivionem
318 306 488 357 sacramenti
497 304 696 371 processisset:
717 298 834 353 Oderunt
844 307 883 364 te,
904 303 955 353 in·

56 398 67 407 *
134 380 205 447 quit,
216 393 264 430 nec
272 376 411 444 quaquam
421 368 784 444 tibifideliormilitumfuit‚
795 370 858 421 dum
867 384 953 423 ema-

133 445 310 500 dimersisti.
329 443 415 496 odisse
430 442 517 509 coepi,
533 449 678 509 postquem
687 438 831 507 parricida
842 440 951 491 matris

134 528 163 571 et
172 516 266 576 uxoris
275 524 303 566 et
312 512 413 583 curiga
423 520 450 564 ct
460 510 558 563 histrio
568 519 596 562 ct
605 508 789 562 incendiarius
799 508 950 561 exstitisti.

91 632 95 639 .
133 589 200 655 Ipsa
209 584 295 636 retuli
305 583 543 648 verbaquianon,
553 578 954 646 utScne'cae,rulgatacrant,

135 672 189 707 nec
197 657 289 705 minus
300 653 378 704 nosci
389 652 507 701 decebat
517 649 650 701 militaris
660 650 827 700 viri-sensus
837 649 951 700 incom-

135 729 201 793 ptos
211 728 241 773 ct
253 721 368 771 ualidos.
404 718 481 770 Nihil
501 722 530 769 in
550 716 599 768 illa
616 718 813 769 coniuratione
829 719 949 785 gravius

137 792 251 843 auribus
263 789 383 854 Neronis
394 788 529 843 accidisse
541 788 681 848 constitit,
693 788 750 853 qui,
761 793 794 837 ut
805 785 949 839 iaciendis

138 860 291 912 sceleribus
301 863 457 926 promptus,
472 858 514 907 ita
525 855 671 917 audiendi,
687 856 949 922 quaeiaceretin-

137 928 233 980 solens
255 933 325 979 erat.
360 926 456 977 Poeu'a
471 926 560 977 Flavii
575 924 687 977 Veiano
704 922 794 994 Nigro
815 926 949 977 Tribuno

137 996 296 1049 mandatur.
331 998 359 1048 ls
373 997 503 1063 proximo
519 998 549 1045 ln
564 1008 634 1061 agro
650 994 778 1047 scrobem
788 994 874 1047 effodi
890 996 951 1047 ius·

138 1068 187 1134 sit,
195 1081 278 1133 quam
285 1064 406 1127 Flavius,
416 1071 449 1115 ut
458 1063 583 1116 humilem
594 1070 622 1114 ct
631 1073 776 1133 angustam
786 1065 951 1130 increpans,

107 1189 110 1196 ,
140 1134 386 1186 circumstantibus
396 1134 544 1196 militibus,
563 1150 595 1185 ne
606 1131 654 1184 doe
664 1133 778 1201 quidem,
790 1135 895 1200 inquit,
913 1150 951 1185 ex

140 1202 291 1270 disciplina.
310 1203 536 1270 admonitusque,
552 1202 667 1253 fortiter
677 1201 846 1266 protendere
858 1204 953 1252 cervi-

141 1288 217 1323 cem:
242 1269 361 1343 Vtinam,
372 1273 421 1334 ait,
433 1279 464 1323 tu
475 1268 761 1344 tamsortiterferios.
845 1290 848 1295 ·

178 1399 182 1403 ,
194 1340 320 1393 LXVlll.
330 1342 368 1392 Et
378 1340 426 1391 ille
437 1342 555 1393 multum
564 1349 698 1403 tremens,
709 1353 770 1390 eum
780 1338 826 1389 vix
835 1335 952 1389 duobus

141 1411 245 1462 ictibus
256 1416 342 1479 caput,
350 1413 562 1478 amputavisset‚
573 1411 718 1463 saevitiam
727 1406 951 1479 apudNeronem

47 1518 53 1558 ³.
93 1515 96 1519 f
141 1481 266 1545 iactavit,
286 1479 457 1550 sesqeiplogo
466 1480 708 1552 interfectumaee
720 1477 846 1532 dicendo.
880 1474 952 1530 Pro-

142 1553 251 1602 ximum
268 1552 444 1603 constantiae
461 1551 618 1618 exemplum
630 1549 769 1618 Sulpicius
781 1551 869 1617 Asper
880 1547 952 1597 Germ·

144 1621 221 1672 turio
237 1622 377 1688 praebuit,
401 1621 598 1687 percunctanti
608 1619 729 1682 Neroni,
749 1620 835 1671 curin
845 1615 952 1669 caedem

144 1704 223 1740 suern
232 1688 455 1755 conspiravisset?
471 1691 598 1740 breviter·
609 1688 794 1754 respondens,
805 1703 858 1739 non
868 1684 952 1737 aliter

145 1755 314 1825 lotflagitiir
322 1756 379 1810 eius
389 1756 525 1807 subreniri
530 1754 659 1822 porciae.
687 1757 760 1805 Tum
768 1756 873 1804 iussam
885 1769 952 1820 poe·

144 1840 210 1876 nam
221 1827 316 1876 subiit.
352 1825 410 1876 Nec
420 1827 508 1876 ceteri
520 1824 707 1875 Centuriones
717 1823 747 1872 in
756 1823 952 1941 perpetiendis
980 1863 989 1872 .

145 1893 287 1960 suppliciis
306 1894 522 1960 degeneravere.
566 1893 603 1943 At
622 1904 679 1941 non
698 1889 787 1941 Fenio
831 1889 880 1942 uio
900 1907 953 1958 par

23 1938 26 1947 ¹
70 1988 75 1992 -
145 1964 270 2023 animus,
289 1963 341 2013 sed
354 1963 573 2013 lamentationes
584 1973 649 2010 suas
660 1959 744 2009 ctiam
756 1961 786 2009 in
797 1965 952 2011 testamen·

146 2036 207 2079 tum
218 2030 346 2080 contulit.
382 2030 589 2095 Opperiebatur
599 2027 685 2090 Nero,
694 2033 727 2078 ut
736 2028 874 2080 Vestinus
879 2045 953 2097 ,quo-

146 2111 201 2162 que
212 2098 317 2148 Consul
332 2099 362 2148 in
381 2099 486 2149 crimen
503 2095 678 2160 traheretur,
695 2097 851 2148 violentum
867 2104 896 2149 et
910 2098 952 2148 in·

146 2165 258 2218 tensum
269 2171 361 2215 ratus:
379 2165 429 2217 sed
440 2179 476 2217 ex
486 2167 642 2217 coniuratis
653 2165 771 2218 consilia
785 2181 847 2217 cunr
857 2165 951 2218 Vesti.

146 2249 185 2285 no
196 2250 253 2286 non
263 2235 448 2298 miscuerant,
469 2234 592 2302 quidam,
610 2233 732 2287 uetustis
742 2235 772 2286 in
783 2250 846 2287 eum
858 2234 950 2286 simul-

147 2304 266 2366 tatibus,
286 2304 397 2370 plures,
417 2305 484 2372 quia
503 2305 687 2372 praecipitem
709 2308 738 2355 et
757 2302 949 2355 insociabilem

148 2373 311 2424 credebant.
332 2374 478 2426 -Ceterum
493 2373 614 2426 Neronis
636 2373 731 2426 odium
750 2373 884 2441 adversus
900 2369 949 2422 Ve-

149 2443 255 2493 stinum
266 2457 301 2493 ex
310 2443 410 2494 intima
420 2444 571 2495 sodalitate
582 2448 727 2511 coeperat,
747 2442 810 2494 dum
821 2439 867 2492 bic
876 2441 949 2506 igna-

147 2513 221 2563 riam
231 2509 370 2580 Principis
380 2513 494 2580 penitus
509 2513 652 2580 cognitam
668 2511 796 2580 despicit,
816 2514 864 2567 ille
878 2512 949 2566 iero-

63 2628 69 2639 ,
147 2582 220 2631 ciem
235 2583 317 2632 amici
333 2584 448 2644 metuit,
467 2597 552 2650 saepe
568 2585 676 2649 asperis
696 2582 807 2636 facetiis
827 2583 948 2647 inlusus3

148 2663 227 2715 quae,
241 2651 288 2704 ubi
298 2653 416 2706 multum
427 2667 462 2707 ex
471 2666 539 2706 sero
551 2656 675 2719 traxere,
691 2668 784 2708 acrem
795 2654 839 2707 sui
849 2666 948 2708 memo·
