2034 3025
100 51 126 71 l

33 147 40 156 ·
83 137 166 216 nis.
180 136 250 190 ru.
270 134 352 188 cnr.
371 133 493 188 ce-co.
513 133 655 201 [nvem.
669 108 799 201 besa]
816 137 869 189 m
967 138 971 142 ’

68 248 100 294 et
111 241 159 292 diu
170 239 449 304 interinstrurnenta
460 238 542 304 regni
552 237 658 307 habita.
694 239 762 290 Eius
772 242 871 293 mulie.

64 312 108 364 ris
119 308 236 376 ingenie
246 312 374 372 paratum
385 309 471 370 pirus,
483 309 562 357 euius
570 309 702 358 minister
712 323 728 358 e
740 309 870 373 spadoni·
950 359 958 368 ,

66 381 120 433 bus
132 377 186 427 fuit
196 377 328 438 Halotus,
342 374 565 439 inferre-epulas,
585 380 616 429 et
626 377 775 441 explorare
783 384 871 444 gustu
919 412 923 417 «

68 447 179 500 solitus.
245 475 246 480 =
402 480 405 484 -
682 491 686 496 .

122 513 234 567 van.
262 511 394 578 Adeoque
415 517 517 566 wecta-
532 528 598 565 mor
618 519 805 581 pernotuere,
838 522 872 567 ut

68 589 227 648 temporum
241 581 353 632 illorum
367 583 524 644 scriptores
531 583 722 647 prodiderint,
750 583 872 652 infusum

70 649 223 705 delectabili
235 647 294 700 cibo
305 646 451 700 boletorum
464 663 606 712 cenenum,
633 652 749 704 metim
758 653 873 704 medice·

70 717 257 780 minisstatim
267 715 449 781 intellectam,
467 719 623 787 socosdiaac
636 718 790 773 blanditae
799 722 873 774 vico·

68 788 173 842 lcntie:
189 786 274 838 simui
284 785 379 836 soluta
388 785 464 836 alvus
476 786 639 855 subvenisse
649 790 805 841 videbatur.
820 791 873 858 igi·
888 825 891 831 ·
929 793 932 796 ’

69 864 118 908 tur
128 855 269 907 exterrita
278 854 437 926 Agrippina,
450 859 488 916 et,
505 857 872 923 quandeultimatimeban·
926 852 932 858 ’

69 931 133 987 tur,
152 925 248 989 spreta
258 924 449 988 praesentium
460 925 579 988 invidia,
603 928 742 991 provisam
752 929 807 979 iarn
818 930 873 980 sibi

71 991 272 1058 Xenophontis
296 990 397 1040 medici
422 995 622 1044 conscientiam
643 993 765 1047 adhibet.
810 999 873 1060 lile,
974 1003 983 1011 “

70 1061 472 1129 tamquamnisusevomentis
485 1060 646 1124 adiuvaret,
673 1065 801 1129 pinnam,
830 1081 874 1116 ra·

71 1131 139 1200 pido
149 1145 258 1181 veneno
270 1129 389 1192 inlitam,
407 1128 534 1182 faucibus
550 1133 615 1182 eius
626 1131 774 1185 demisisse
785 1135 874 1187 crodi-
970 1135 975 1143 ’

72 1207 136 1262 tur3
162 1197 234 1250 haud
245 1201 374 1265 ignarus,
399 1213 508 1249 summa
516 1201 624 1252 scelera
633 1202 718 1268 incipi
728 1219 790 1254 eum
799 1203 873 1271 peri·

73 1269 147 1331 eule,
164 1268 265 1334 perag-i
276 1282 337 1318 curn
348 1269 482 1333 praemio.

126 1335 249 1388 LXVil-i.
272 1336 433 1387 Vocabatur
452 1332 567 1387 interim
585 1334 724 1402 Senatus,
750 1347 898 1408 votaque·
923 1388 925 1391 ,

70 1423 123 1476 pro
141 1403 328 1457 incolumitate
345 1403 485 1476 Principis
504 1407 640 1458 Consules
657 1412 689 1456 et
707 1409 873 1461 Sacerdotes

73 1475 282 1540 nuncupabant,
303 1487 364 1524 cum
375 1475 431 1525 iam
443 1475 580 1524 exanimis
591 1476 716 1528 vestibus
728 1483 758 1528 et
768 1477 875 1529 femen.

73 1547 114 1597 tis
126 1545 320 1611 obtegeretur,
339 1543 403 1593 dum
413 1556 460 1593 res
470 1542 874 1612 firmandoNeronislmperio

75 1618 287 1680 componuntur.
319 1612 376 1662 Iam
389 1613 507 1677 primum
517 1612 679 1679 Agrippina,
689 1614 768 1665 velut
778 1615 875 1666 dolore

73 1684 158 1745 ricta,
170 1687 199 1733 et
209 1681 313 1732 solatia
324 1682 612 1748 conquirenetenere
621 1684 753 1749 amplexu
764 1682 876 1735 eritas-
972 1690 978 1699 ·

74 1753 182 1813 nisum,
200 1766 291 1802 ceram
297 1750 410 1817 paterni
421 1750 475 1802 oris
485 1749 604 1819 effigiem
615 1752 769 1818 adpellare,
790 1768 822 1803 ac
831 1768 876 1803 va·
939 1773 943 1786 ⁴

73 1823 126 1873 riis
139 1820 247 1885 artibus
259 1819 408 1881 demereri,
428 1834 463 1870 ne
474 1820 601 1871 cubiculo
613 1822 804 1889 egrederetur.
823 1824 876 1873 dn·

73 1891 184 1943 ioniam
195 1876 305 1956 queque
315 1894 346 1939 et
357 1889 509 1953 Octaviam,
529 1904 642 1945 sorores
654 1894 724 1953 eius,
743 1891 875 1955 adtinuit,

75 1965 107 2011 et
117 1964 233 2011 cunems
244 1955 642 2021 aditus:custodiiszclauserat,
654 1962 808 2029 crebroque
818 1960 876 2012 rul-

74 2030 173 2097 gabat,
183 2025 224 2077 ire
235 2024 263 2077 in
271 2022 367 2077 melius
377 2027 557 2080 valetudinem
567 2027 717 2097 Principis,
727 2045 783 2099 quo
793 2030 876 2082 miles

74 2100 152 2159 bona
161 2096 378 2162 inspeegeret,
398 2100 564 2165 tempusque
575 2113 740 2165 prosperum
745 2135 760 2164 „
774 2114 878 2168 exmo·

75 2169 145 2229 pitis
157 2164 370 2227 Chaldaeorum,
381 2164 563 2218 ‘adventaret
922 2197 924 2202 ·
977 2221 981 2224 ,

128 2233 233 2287 nxrx..
254 2234 349 2296 runc,
378 2218 563 2299 morione,
595 2238 797 2291 centum-me
814 2236 879 2288 rous

54 2306 177 2363 .Oetob.
193 2303 301 2359 foribus
317 2302 416 2368 palatii
432 2309 550 2369 repente
561 2305 698 2369 diductis,
726 2308 880 2358 eomitante

75 2376 179 2437 Burro,
199 2372 274 2425 Nero
287 2370 477 2439 egrediturad
489 2372 643 2438 cohortem,
658 2390 730 2443 quae
741 2391 820 2428 more
830 2376 881 2426 mi·

67 2445 157 2499 ‘litiae
168 2444 293 2502 excubiis
304 2441 397 2494 adest.
417 2442 484 2507 ¹lbi,
507 2450 641 2497 monente
651 2445 800 2499 Praefecto
808 2460 828 2509 ,¹
840 2446 881 2498 ie·

75 2518 131 2572 etis
142 2516 255 2569 vocibus
267 2519 416 2582 exceptus,
427 2514 536 2568 inditur
544 2516 671 2570 lecticae.
698 2515 881 2569 Dubitarisse

97 2584 215 2639 ubedam
227 2585 341 2649 ferunt,
369 2590 564 2657 respectantes
574 2590 806 2655 rogitantesque,
833 2581 881 2634 cet

77 2606 258 2713 britannicus
269 2656 354 2709 esset?
370 2672 453 2721 mor,
470 2659 549 2711 nullo
560 2660 590 2709 in
602 2658 743 2711 diversum
754 2658 881 2718 auctore,
