2034 3025
47 107 49 114 Α
130 151 183 219 ¹⁸2
249 148 473 206 snunnrvru
492 130 648 219 [i.v.7s1.
667 123 811 219 ucis]

135 227 934 250 ---—----———-—-—--.

128 254 502 327 primipilaribus,.regendis
512 252 611 307 Frisiis
620 255 764 321 inpositus,
782 261 864 322 terga
873 270 936 306 uro·

127 342 190 380 sum
220 325 339 392 delegit,
357 339 475 392 quorum
490 323 656 375 adformam
666 326 865 390 acciperentur.
900 323 934 376 Id

130 395 193 447 aliis
205 409 314 463 quoque
325 394 483 444 nationibus
495 393 708 461 arduum,lapud
719 391 878 444 Germanos
885 391 938 444 dif-

128 464 231 516 (icilius
241 463 428 524 tolerabatur,
458 463 519 527 quis
532 461 684 528 ingentium
695 461 852 513 belluarum
863 461 937 513 fera·

129 549 176 586 ces
190 533 295 595 saltus,
323 530 434 581 modica
448 529 522 581 domi
540 535 668 581 armenta
681 536 755 581 sunt.
789 531 829 580 Ac
843 532 935 597 primo

129 603 217 655 boves
227 605 310 668 ipsos,
327 613 393 650 mox
401 601 496 666 agros,
506 605 647 666 postremo
658 613 777 666 corpora
786 602 937 667 coniugum

130 677 180 724 aut
189 669 355 730 liberorum,
375 668 490 734 seruitio
500 668 656 720 tradebant
691 669 937 737 llinciraetque-

38 732 41 736 ’
78 783 79 786 ,
129 746 202 792 stus:
230 743 270 800 et,
293 741 440 804 postquam
451 752 507 788 non
517 737 712 800 subveniebat,
736 736 938 790 remediumex

99 843 100 846 =
130 808 219 861 bello:
238 809 320 873 rapti,
342 808 388 873 qui
399 808 504 858 tributo
516 807 642 876 aderant,
660 806 762 858 milites
773 811 802 858 et
811 798 937 872 patibulo

130 877 224 930 adfixi.
261 875 395 926 Olennius
409 875 534 928 infensos
548 875 616 944 fuge
629 877 787 942 praevenit,
806 882 935 942 receptus

130 945 257 1008 castello,
276 945 320 996 cui
330 958 430 996 nomen
439 943 568 996 Flevum:
587 950 615 997 et
624 943 700 995 haud
710 944 867 1012 spernenda
876 944 938 997 illic

131 1016 233 1136 duilium
256 1015 451 1082 sociorumque
476 1029 575 1066 manus
597 1014 682 1067 litora
707 1013 812 1068 Oceani
835 1016 937 1082 praeci

151 1089 225 1136 eat.
316 1121 320 1134 .
648 1091 660 1141 ,’

167 1212 171 1216 ,
184 1151 310 1220 LXXIII.
329 1153 411 1216 Quod
422 1151 469 1206 ubi
478 1154 512 1206 L.
521 1154 652 1221 Apronio,
670 1152 811 1206 inferioris
821 1151 937 1204 Germa-

131 1221 196 1273 nice
206 1221 400 1287 Propraetori,
419 1224 577 1290 cognitum,
603 1223 706 1275 vexilla
714 1223 855 1291 legionum
867 1237 936 1273 esu·

103 1327 106 1332 »
132 1291 243 1358 periore
259 1292 412 1355 provincia,
436 1293 620 1360 *peditumque
636 1298 665 1345 et
679 1295 803 1360 equitum
822 1292 937 1342 auxilia·

132 1361 207 1411 rium
218 1359 341 1411 delectos
352 1361 462 1411 accivit:
479 1377 512 1412 ac
521 1362 605 1412 simul
614 1368 764 1430 utrumque
775 1363 937 1422 exercitum,

132 1427 231 1482 Rheno
243 1429 403 1494 devectum,
423 1429 522 1482 Frisiis
532 1431 641 1495 intulit3
660 1432 752 1485 soluto
762 1432 819 1481 iam
828 1428 938 1481 castelli

36 1528 40 1534 -
134 1499 256 1563 obsidio,
275 1498 349 1551 etad
360 1515 411 1551 sua
420 1501 540 1553 tutanda
550 1501 681 1569 digressis
691 1500 850 1553 rebellibus.
886 1497 939 1566 lgi-

74 1617 89 1633 Λ
134 1574 180 1621 tur
189 1569 315 1636 proxima
325 1572 465 1623 aestuario
480 1573 627 1639 aggeribus
638 1576 666 1623 et
676 1572 819 1637 pontibus,
845 1565 940 1619 madu-

134 1639 223 1691 cendo
233 1640 355 1707 graviori
366 1641 483 1707 agmini,
507 1642 608 1691 firmat.
645 1643 731 1705 atque
740 1639 869 1699 interim,
897 1651 941 1689 rc·

69 1764 72 1769 ,
153 1710 222 1759 ¹ortis
237 1707 327 1770 vadis,
354 1706 428 1759 alam
442 1708 649 1769 Canninefatem,
678 1711 708 1758 et
726 1706 799 1773 qnod
814 1705 939 1771 peditum

162 1789 341 1830 ermenorum
358 1779 432 1841 inter
451 1781 562 1837 nostros
582 1774 722 1836 merebat,
754 1774 940 1838 circumgredi

72 1837 87 1847 “
134 1842 445 1911 tergnhostiumiubet:
466 1845 578 1909 quiiam
589 1843 648 1893 acie
660 1841 814 1907 compositi,
830 1840 941 1906 pellunt

93 1948 97 1955 -
133 1920 241 1964 turmas
251 1913 375 1975 sociales,
396 1913 558 1980 equitesque
567 1911 722 1981 legionum,
741 1910 863 1961 subsidio
876 1912 940 1962 niis·

98 2044 102 2051 Ι
134 1997 189 2035 sos.
213 1982 288 2032 Tum
298 1987 356 2033 tres
367 1982 444 2032 leves
456 1978 595 2043 cohortes,
615 1993 647 2029 ac
656 1994 767 2030 rursum
778 1978 863 2043 duac3
875 1979 940 2031 dein

134 2057 262 2117 tempore
281 2051 440 2112 interiecto,
470 2048 576 2101 alarius
592 2062 676 2115 eques
695 2050 849 2099 inmissus..
870 2051 940 2100 satis

134 2118 233 2185 ualidi,
247 2121 272 2169 si
282 2117 364 2188 simul
373 2119 574 2169 incubuissent:
592 2132 642 2185 per
650 2117 828 2180 intervallum
839 2117 940 2170 adven·

135 2193 241 2255 tontes,
271 2203 360 2255 neque
371 2188 557 2239 constantiam
573 2187 739 2239 addiderant
748 2188 883 2249 turbatis,
912 2193 942 2239 ct

136 2272 241 2327 pavore
252 2256 418 2325 fugientium
429 2256 637 2310 auferebantur.
672 2255 795 2325 Cethego
806 2257 941 2319 Labeoni,

135 2328 244 2394 Legato
255 2329 368 2395 quintae
377 2326 510 2395 legionis,
530 2327 606 2395 quod
614 2326 753 2395 reliquum
763 2326 941 2387 auxiliorum,

120 2396 234 2455 tradit:
258 2402 342 2464 atque
352 2395 416 2460 ille,
437 2396 522 2448 dubie
537 2411 653 2447 suorum
667 2412 724 2466 re,=
733 2397 761 2446 in
773 2391 874 2462 anceps
883 2400 941 2445 tra·

136 2470 212 2528 ctus,
232 2466 323 2517 missis
333 2468 446 2530 nuntiis,
465 2468 519 2517 vim
529 2464 672 2535 legionum
682 2465 858 2531 implorabat.
879 2478 942 2529 pro·

135 2539 269 2602 rumpunt
278 2536 404 2603 quintani
423 2540 487 2595 ante
503 2534 587 2599 alios,
617 2539 661 2599 et,
690 2532 942 2602 aeripugnahosto

157 2604 229 2668 ulso,
246 2605 385 2671 recipiunt
395 2604 518 2657 cohortis
528 2604 657 2673 alasque,
674 2602 763 2656 fessas
773 2603 941 2655 vulneribus.

136 2619 311 2745 diequeoux
321 2674 461 2737 Romanus
477 2675 568 2729 ultum
578 2675 625 2741 iit,
656 2679 706 2727 aut
721 2688 837 2745 corpora
848 2672 942 2724 huma·
