<?xml version="1.0" encoding="UTF-8"?>
<!DOCTYPE html PUBLIC "-//W3C//DTD XHTML 1.0 Transitional//EN"
    "http://www.w3.org/TR/xhtml1/DTD/xhtml1-transitional.dtd">
<html xmlns="http://www.w3.org/1999/xhtml" xml:lang="en" lang="en">
 <head>
  <title>
</title>
<meta http-equiv="Content-Type" content="text/html;charset=utf-8" />
  <meta name='ocr-system' content='tesseract 3.04.00' />
  <meta name='ocr-capabilities' content='ocr_page ocr_carea ocr_par ocr_line ocrx_word'/>
</head>
<body>
  <div class='ocr_page' id='page_1' title='image "./ccorneliitaciti00socigoog/ccorneliitaciti00socigoog_0092.png"; bbox 0 0 2034 3025; ppageno 0'>
   <div class='ocr_carea' id='block_1_1' title="bbox 83 110 859 185">
    <p class='ocr_par' dir='ltr' id='par_1_1' title="bbox 83 110 859 185">
     <span class='ocr_line' id='line_1_1' title="bbox 83 110 859 185; baseline -0.01 -10"><span class='ocrx_word' id='word_1_1' title='bbox 83 122 169 175; x_wconf 78' lang='lat' dir='ltr'><strong>Lm.</strong></span> <span class='ocrx_word' id='word_1_2' title='bbox 180 120 221 173; x_wconf 89' lang='lat' dir='ltr'><strong>ll.</strong></span> <span class='ocrx_word' id='word_1_3' title='bbox 240 115 457 171; x_wconf 63' lang='lat' dir='ltr'><strong>Gdl&#39;Ad-db.</strong></span> <span class='ocrx_word' id='word_1_4' title='bbox 475 113 788 185; x_wconf 45' lang='lat' dir='ltr'><strong>[Amnem-132]</strong></span> <span class='ocrx_word' id='word_1_5' title='bbox 824 110 859 167; x_wconf 71' lang='lat' dir='ltr'><strong>ib</strong></span> 
     </span>
    </p>
   </div>
   <div class='ocr_carea' id='block_1_2' title="bbox 15 211 865 1447">
    <p class='ocr_par' dir='ltr' id='par_1_2' title="bbox 15 211 865 1447">
     <span class='ocr_line' id='line_1_2' title="bbox 51 211 859 279; baseline 0 -14"><span class='ocrx_word' id='word_1_6' title='bbox 51 218 315 276; x_wconf 68' lang='lat' dir='ltr'><strong>Gnosiumeecntus,</strong></span> <span class='ocrx_word' id='word_1_7' title='bbox 325 214 456 265; x_wconf 81' lang='lat' dir='ltr'><strong>&#39;concesso</strong></span> <span class='ocrx_word' id='word_1_8' title='bbox 467 212 569 275; x_wconf 89' lang='lat' dir='ltr'><strong>reditu,</strong></span> <span class='ocrx_word' id='word_1_9' title='bbox 578 213 713 279; x_wconf 75' lang='lat' dir='ltr'><strong>petitione</strong></span> <span class='ocrx_word' id='word_1_10' title='bbox 721 211 859 265; x_wconf 70' lang='lat' dir='ltr'><strong>bonorum</strong></span> 
     </span>
     <span class='ocr_line' id='line_1_3' title="bbox 50 279 859 351; baseline -0.005 -14"><span class='ocrx_word' id='word_1_11' title='bbox 50 283 203 344; x_wconf 75' lang='lat' dir='ltr'><strong>abstinuit,</strong></span> <span class='ocrx_word' id='word_1_12' title='bbox 224 281 313 333; x_wconf 90' lang='lat' dir='ltr'><strong>donee</strong></span> <span class='ocrx_word' id='word_1_13' title='bbox 323 280 397 331; x_wconf 85' lang='lat' dir='ltr'><strong>ultro</strong></span> <span class='ocrx_word' id='word_1_14' title='bbox 408 279 572 343; x_wconf 86' lang='lat' dir='ltr'><strong>ambiretur,</strong></span> <span class='ocrx_word' id='word_1_15' title='bbox 592 280 859 351; x_wconf 74' lang='lat' dir='ltr'><strong>demtunmsugu</strong></span> 
     </span>
     <span class='ocr_line' id='line_1_4' title="bbox 51 348 861 418; baseline 0 -15"><span class='ocrx_word' id='word_1_16' title='bbox 51 360 94 403; x_wconf 85' lang='lat' dir='ltr'><strong>sto</strong></span> <span class='ocrx_word' id='word_1_17' title='bbox 105 349 293 403; x_wconf 83' lang='lat' dir='ltr'><strong>consulatum</strong></span> <span class='ocrx_word' id='word_1_18' title='bbox 303 353 439 415; x_wconf 79' lang='lat' dir='ltr'><strong>accipere.</strong></span> <span class='ocrx_word' id='word_1_19' title='bbox 471 348 537 413; x_wconf 86' lang='lat' dir='ltr'><strong>Sed,</strong></span> <span class='ocrx_word' id='word_1_20' title='bbox 546 359 659 417; x_wconf 70' lang='lat' dir='ltr'><strong>premet</strong></span> <span class='ocrx_word' id='word_1_21' title='bbox 667 355 797 415; x_wconf 71' lang='lat' dir='ltr'><strong>camos</strong></span> <span class='ocrx_word' id='word_1_22' title='bbox 806 352 861 418; x_wconf 68' lang='lat' dir='ltr'><strong>spi·</strong></span> 
     </span>
     <span class='ocr_line' id='line_1_5' title="bbox 54 417 861 486; baseline -0.001 -14"><span class='ocrx_word' id='word_1_23' title='bbox 54 422 133 483; x_wconf 86' lang='lat' dir='ltr'><strong>ritus,</strong></span> <span class='ocrx_word' id='word_1_24' title='bbox 155 419 253 470; x_wconf 82' lang='lat' dir='ltr'><strong>uxoris</strong></span> <span class='ocrx_word' id='word_1_25' title='bbox 272 434 381 486; x_wconf 86' lang='lat' dir='ltr'><strong>quoque</strong></span> <span class='ocrx_word' id='word_1_26' title='bbox 393 417 543 471; x_wconf 74' lang='lat' dir='ltr'>Plancinae</span> <span class='ocrx_word' id='word_1_27' title='bbox 556 418 705 471; x_wconf 82' lang='lat' dir='ltr'><strong>nobilitate</strong></span> <span class='ocrx_word' id='word_1_28' title='bbox 720 424 750 469; x_wconf 91' lang='lat' dir='ltr'><strong>et</strong></span> <span class='ocrx_word' id='word_1_29' title='bbox 763 419 861 485; x_wconf 78' lang='lat' dir='ltr'><strong>opibus</strong></span> 
     </span>
     <span class='ocr_line' id='line_1_6' title="bbox 53 487 863 555; baseline -0.002 -14"><span class='ocrx_word' id='word_1_30' title='bbox 53 488 270 555; x_wconf 79' lang='lat' dir='ltr'><strong>accendebatur.</strong></span> <span class='ocrx_word' id='word_1_31' title='bbox 292 488 339 538; x_wconf 83' lang='lat' dir='ltr'><strong>rix</strong></span> <span class='ocrx_word' id='word_1_32' title='bbox 358 488 469 539; x_wconf 85' lang='lat' dir='ltr'><strong>Tiberio</strong></span> <span class='ocrx_word' id='word_1_33' title='bbox 485 487 651 541; x_wconf 74' lang='lat' dir='ltr'>concedere:</span> <span class='ocrx_word' id='word_1_34' title='bbox 670 487 774 539; x_wconf 84' lang='lat' dir='ltr'><strong>liberos</strong></span> <span class='ocrx_word' id='word_1_35' title='bbox 793 488 863 551; x_wconf 89' lang='lat' dir='ltr'><strong>eius,</strong></span> 
     </span>
     <span class='ocr_line' id='line_1_7' title="bbox 54 552 863 621; baseline -0.002 -12"><span class='ocrx_word' id='word_1_36' title='bbox 54 564 85 609; x_wconf 93' lang='lat' dir='ltr'><strong>ut</strong></span> <span class='ocrx_word' id='word_1_37' title='bbox 98 556 224 608; x_wconf 88' lang='lat' dir='ltr'><strong>multum</strong></span> <span class='ocrx_word' id='word_1_38' title='bbox 240 556 323 617; x_wconf 83' lang='lat' dir='ltr'><strong>inira,</strong></span> <span class='ocrx_word' id='word_1_39' title='bbox 342 556 518 621; x_wconf 70' lang='lat' dir='ltr'><strong>despectare:</strong></span> <span class='ocrx_word' id='word_1_40' title='bbox 536 571 589 608; x_wconf 90' lang='lat' dir='ltr'><strong>nec</strong></span> <span class='ocrx_word' id='word_1_41' title='bbox 604 554 718 609; x_wconf 78' lang='lat' dir='ltr'><strong>dubium</strong></span> <span class='ocrx_word' id='word_1_42' title='bbox 733 552 863 619; x_wconf 82' lang='lat' dir='ltr'><strong>babebat,</strong></span> 
     </span>
     <span class='ocr_line' id='line_1_8' title="bbox 15 623 862 691; baseline -0.006 -12"><span class='ocrx_word' id='word_1_43' title='bbox 15 652 21 661; x_wconf 95' lang='lat'><em>·</em></span> <span class='ocrx_word' id='word_1_44' title='bbox 53 642 83 679; x_wconf 84' lang='lat' dir='ltr'><strong>se</strong></span> <span class='ocrx_word' id='word_1_45' title='bbox 93 626 253 687; x_wconf 88' lang='lat' dir='ltr'><strong>delectum,</strong></span> <span class='ocrx_word' id='word_1_46' title='bbox 273 625 321 691; x_wconf 87' lang='lat' dir='ltr'><strong>qui</strong></span> <span class='ocrx_word' id='word_1_47' title='bbox 332 623 431 691; x_wconf 83' lang='lat' dir='ltr'><strong>Syriae</strong></span> <span class='ocrx_word' id='word_1_48' title='bbox 445 625 649 690; x_wconf 78' lang='lat' dir='ltr'><strong>imponeretur,</strong></span> <span class='ocrx_word' id='word_1_49' title='bbox 668 624 705 677; x_wconf 84' lang='lat' dir='ltr'><strong>sd</strong></span> <span class='ocrx_word' id='word_1_50' title='bbox 718 638 783 691; x_wconf 79' lang='lat' dir='ltr'><strong>spes</strong></span> <span class='ocrx_word' id='word_1_51' title='bbox 794 624 862 679; x_wconf 86' lang='lat' dir='ltr'><strong>Ger·</strong></span> 
     </span>
     <span class='ocr_line' id='line_1_9' title="bbox 55 692 863 761; baseline -0.002 -12"><span class='ocrx_word' id='word_1_52' title='bbox 55 696 159 749; x_wconf 85' lang='lat' dir='ltr'><strong>manici</strong></span> <span class='ocrx_word' id='word_1_53' title='bbox 170 692 350 746; x_wconf 86' lang='lat' dir='ltr'><strong>coercendas.</strong></span> <span class='ocrx_word' id='word_1_54' title='bbox 372 692 517 747; x_wconf 72' lang='lat' dir='ltr'><strong>credidere</strong></span> <span class='ocrx_word' id='word_1_55' title='bbox 532 693 653 761; x_wconf 77' lang='lat' dir='ltr'><strong>quidam,</strong></span> <span class='ocrx_word' id='word_1_56' title='bbox 673 693 863 747; x_wconf 80' lang='lat' dir='ltr'><strong>dataets‘il·</strong></span> 
     </span>
     <span class='ocr_line' id='line_1_10' title="bbox 56 760 863 816; baseline -0.001 0"><span class='ocrx_word' id='word_1_57' title='bbox 56 765 135 816; x_wconf 80' lang='lat' dir='ltr'><strong>ber-io</strong></span> <span class='ocrx_word' id='word_1_58' title='bbox 156 761 269 815; x_wconf 89' lang='lat' dir='ltr'><strong>occulta</strong></span> <span class='ocrx_word' id='word_1_59' title='bbox 288 761 432 812; x_wconf 77' lang='lat' dir='ltr'><strong>mandator</strong></span> <span class='ocrx_word' id='word_1_60' title='bbox 455 768 484 813; x_wconf 89' lang='lat' dir='ltr'><strong>et</strong></span> <span class='ocrx_word' id='word_1_61' title='bbox 503 761 664 815; x_wconf 78' lang='lat' dir='ltr'><strong>Plancinam</strong></span> <span class='ocrx_word' id='word_1_62' title='bbox 683 760 759 815; x_wconf 81' lang='lat' dir='ltr'><strong>baad</strong></span> <span class='ocrx_word' id='word_1_63' title='bbox 778 761 863 815; x_wconf 86' lang='lat' dir='ltr'><strong>dubie</strong></span> 
     </span>
     <span class='ocr_line' id='line_1_11' title="bbox 54 828 861 900; baseline -0.001 -17"><span class='ocrx_word' id='word_1_64' title='bbox 54 834 183 900; x_wconf 77' lang='lat' dir='ltr'><strong>Augrrsta</strong></span> <span class='ocrx_word' id='word_1_65' title='bbox 203 832 312 881; x_wconf 87' lang='lat' dir='ltr'><strong>monuit</strong></span> <span class='ocrx_word' id='word_1_66' title='bbox 330 828 458 881; x_wconf 78' lang='lat' dir='ltr'><strong>muliebri</strong></span> <span class='ocrx_word' id='word_1_67' title='bbox 477 830 665 883; x_wconf 71' lang='lat' dir='ltr'><strong>aemulatione</strong></span> <span class='ocrx_word' id='word_1_68' title='bbox 682 832 861 899; x_wconf 73' lang='lat' dir='ltr'><strong>Agrippinam</strong></span> 
     </span>
     <span class='ocr_line' id='line_1_12' title="bbox 54 897 862 965; baseline 0 -14"><span class='ocrx_word' id='word_1_69' title='bbox 54 899 223 953; x_wconf 84' lang='lat' dir='ltr'><strong>insectandi.</strong></span> <span class='ocrx_word' id='word_1_70' title='bbox 235 899 322 950; x_wconf 84' lang='lat' dir='ltr'><strong>divisa</strong></span> <span class='ocrx_word' id='word_1_71' title='bbox 332 912 451 965; x_wconf 76' lang='lat' dir='ltr'><strong>iramque</strong></span> <span class='ocrx_word' id='word_1_72' title='bbox 461 904 490 951; x_wconf 92' lang='lat' dir='ltr'><strong>et</strong></span> <span class='ocrx_word' id='word_1_73' title='bbox 500 897 605 951; x_wconf 85' lang='lat' dir='ltr'><strong>discors</strong></span> <span class='ocrx_word' id='word_1_74' title='bbox 615 898 681 952; x_wconf 76' lang='lat' dir='ltr'><strong>sais</strong></span> <span class='ocrx_word' id='word_1_75' title='bbox 690 908 760 964; x_wconf 85' lang='lat' dir='ltr'><strong>erat,</strong></span> <span class='ocrx_word' id='word_1_76' title='bbox 769 902 862 953; x_wconf 84' lang='lat' dir='ltr'><strong>tacitis</strong></span> 
     </span>
     <span class='ocr_line' id='line_1_13' title="bbox 55 966 863 1033; baseline 0.001 -13"><span class='ocrx_word' id='word_1_77' title='bbox 55 972 84 1021; x_wconf 88' lang='lat' dir='ltr'><strong>in</strong></span> <span class='ocrx_word' id='word_1_78' title='bbox 105 968 232 1019; x_wconf 86' lang='lat' dir='ltr'><strong>Drusum</strong></span> <span class='ocrx_word' id='word_1_79' title='bbox 253 973 303 1019; x_wconf 88' lang='lat' dir='ltr'><strong>aut</strong></span> <span class='ocrx_word' id='word_1_80' title='bbox 320 966 515 1019; x_wconf 79' lang='lat' dir='ltr'><strong>Germanicum</strong></span> <span class='ocrx_word' id='word_1_81' title='bbox 535 967 645 1021; x_wconf 85' lang='lat' dir='ltr'><strong>studiis.</strong></span> <span class='ocrx_word' id='word_1_82' title='bbox 679 968 817 1033; x_wconf 76' lang='lat' dir='ltr'><strong>Tiberius,</strong></span> <span class='ocrx_word' id='word_1_83' title='bbox 831 976 863 1021; x_wconf 88' lang='lat' dir='ltr'><strong>ut</strong></span> 
     </span>
     <span class='ocr_line' id='line_1_14' title="bbox 55 1036 864 1104; baseline 0.002 -17"><span class='ocrx_word' id='word_1_84' title='bbox 55 1039 202 1104; x_wconf 76' lang='lat' dir='ltr'><strong>proprium</strong></span> <span class='ocrx_word' id='word_1_85' title='bbox 213 1040 243 1088; x_wconf 89' lang='lat' dir='ltr'><strong>et</strong></span> <span class='ocrx_word' id='word_1_86' title='bbox 253 1036 295 1085; x_wconf 86' lang='lat' dir='ltr'><strong>sui</strong></span> <span class='ocrx_word' id='word_1_87' title='bbox 306 1036 462 1102; x_wconf 87' lang='lat' dir='ltr'><strong>sanguinis,</strong></span> <span class='ocrx_word' id='word_1_88' title='bbox 474 1036 597 1088; x_wconf 88' lang='lat' dir='ltr'><strong>Drusum</strong></span> <span class='ocrx_word' id='word_1_89' title='bbox 607 1036 731 1089; x_wconf 82' lang='lat' dir='ltr'><strong>fovebat:</strong></span> <span class='ocrx_word' id='word_1_90' title='bbox 749 1036 864 1090; x_wconf 77' lang='lat' dir='ltr'><strong>Gerasa·</strong></span> 
     </span>
     <span class='ocr_line' id='line_1_15' title="bbox 56 1105 864 1171; baseline 0.001 -13"><span class='ocrx_word' id='word_1_91' title='bbox 56 1109 121 1158; x_wconf 87' lang='lat' dir='ltr'><strong>nico</strong></span> <span class='ocrx_word' id='word_1_92' title='bbox 137 1105 270 1157; x_wconf 77' lang='lat' dir='ltr'><strong>alienatio</strong></span> <span class='ocrx_word' id='word_1_93' title='bbox 285 1106 378 1171; x_wconf 87' lang='lat' dir='ltr'><strong>patrui</strong></span> <span class='ocrx_word' id='word_1_94' title='bbox 393 1118 515 1157; x_wconf 78' lang='lat' dir='ltr'><strong>aurorem</strong></span> <span class='ocrx_word' id='word_1_95' title='bbox 530 1105 604 1171; x_wconf 81' lang='lat' dir='ltr'><strong>apud</strong></span> <span class='ocrx_word' id='word_1_96' title='bbox 614 1111 864 1170; x_wconf 67' lang='lat' dir='ltr'><strong>ceterossuserstt</strong></span> 
     </span>
     <span class='ocr_line' id='line_1_16' title="bbox 57 1172 864 1241; baseline 0 -14"><span class='ocrx_word' id='word_1_97' title='bbox 57 1180 89 1227; x_wconf 88' lang='lat' dir='ltr'><strong>ct</strong></span> <span class='ocrx_word' id='word_1_98' title='bbox 98 1175 166 1241; x_wconf 90' lang='lat' dir='ltr'><strong>quia</strong></span> <span class='ocrx_word' id='word_1_99' title='bbox 177 1172 342 1225; x_wconf 78' lang='lat' dir='ltr'><strong>claritudine</strong></span> <span class='ocrx_word' id='word_1_100' title='bbox 358 1174 476 1225; x_wconf 88' lang='lat' dir='ltr'><strong>materni</strong></span> <span class='ocrx_word' id='word_1_101' title='bbox 493 1174 605 1241; x_wconf 88' lang='lat' dir='ltr'><strong>generis</strong></span> <span class='ocrx_word' id='word_1_102' title='bbox 622 1174 763 1239; x_wconf 83' lang='lat' dir='ltr'><strong>anteibat,</strong></span> <span class='ocrx_word' id='word_1_103' title='bbox 782 1190 864 1227; x_wconf 79' lang='lat' dir='ltr'><strong>arum</strong></span> 
     </span>
     <span class='ocr_line' id='line_1_17' title="bbox 58 1240 865 1310; baseline 0.002 -16"><span class='ocrx_word' id='word_1_104' title='bbox 58 1244 98 1295; x_wconf 84' lang='lat' dir='ltr'><strong>M.</strong></span> <span class='ocrx_word' id='word_1_105' title='bbox 109 1244 274 1305; x_wconf 75' lang='lat' dir='ltr'><strong>Antonium,</strong></span> <span class='ocrx_word' id='word_1_106' title='bbox 294 1241 462 1293; x_wconf 81' lang='lat' dir='ltr'><strong>avunculum</strong></span> <span class='ocrx_word' id='word_1_107' title='bbox 472 1242 625 1310; x_wconf 78' lang='lat' dir='ltr'><strong>Augustum</strong></span> <span class='ocrx_word' id='word_1_108' title='bbox 640 1240 742 1295; x_wconf 79' lang='lat' dir='ltr'><strong>ferens.</strong></span> <span class='ocrx_word' id='word_1_109' title='bbox 764 1250 865 1296; x_wconf 82' lang='lat' dir='ltr'><strong>contre</strong></span> 
     </span>
     <span class='ocr_line' id='line_1_18' title="bbox 59 1310 864 1378; baseline -0.002 -15"><span class='ocrx_word' id='word_1_110' title='bbox 59 1313 153 1364; x_wconf 84' lang='lat' dir='ltr'><strong>Druso</strong></span> <span class='ocrx_word' id='word_1_111' title='bbox 177 1326 293 1377; x_wconf 82' lang='lat' dir='ltr'><strong>proavus</strong></span> <span class='ocrx_word' id='word_1_112' title='bbox 311 1325 397 1377; x_wconf 88' lang='lat' dir='ltr'><strong>eques</strong></span> <span class='ocrx_word' id='word_1_113' title='bbox 411 1310 551 1368; x_wconf 86' lang='lat' dir='ltr'><strong>Romanus</strong></span> <span class='ocrx_word' id='word_1_114' title='bbox 563 1310 737 1378; x_wconf 79' lang='lat' dir='ltr'><strong>Pomponius</strong></span> <span class='ocrx_word' id='word_1_115' title='bbox 746 1313 864 1373; x_wconf 79' lang='lat' dir='ltr'><strong>Atticus,</strong></span> 
     </span>
     <span class='ocr_line' id='line_1_19' title="bbox 60 1378 864 1447; baseline -0.001 -15"><span class='ocrx_word' id='word_1_116' title='bbox 60 1381 197 1433; x_wconf 85' lang='lat' dir='ltr'><strong>dedecere</strong></span> <span class='ocrx_word' id='word_1_117' title='bbox 209 1378 386 1431; x_wconf 78' lang='lat' dir='ltr'><strong>Claudiorum</strong></span> <span class='ocrx_word' id='word_1_118' title='bbox 397 1381 533 1447; x_wconf 80' lang='lat' dir='ltr'><strong>insagines</strong></span> <span class='ocrx_word' id='word_1_119' title='bbox 542 1380 696 1432; x_wconf 79' lang='lat' dir='ltr'><strong>ridebatur.</strong></span> <span class='ocrx_word' id='word_1_120' title='bbox 708 1388 736 1433; x_wconf 89' lang='lat' dir='ltr'><strong>et</strong></span> <span class='ocrx_word' id='word_1_121' title='bbox 744 1382 864 1431; x_wconf 75' lang='lat' dir='ltr'><strong>conium</strong></span> 
     </span>
    </p>
   </div>
   <div class='ocr_carea' id='block_1_3' title="bbox 59 1448 944 1517">
    <p class='ocr_par' dir='ltr' id='par_1_3' title="bbox 59 1448 944 1517">
     <span class='ocr_line' id='line_1_20' title="bbox 59 1448 944 1517; baseline -0.006 -16"><span class='ocrx_word' id='word_1_122' title='bbox 59 1449 234 1510; x_wconf 85' lang='lat' dir='ltr'><strong>Germanici,</strong></span> <span class='ocrx_word' id='word_1_123' title='bbox 253 1449 418 1517; x_wconf 76' lang='lat' dir='ltr'><strong>Agrippina,</strong></span> <span class='ocrx_word' id='word_1_124' title='bbox 439 1448 738 1503; x_wconf 76' lang='lat' dir='ltr'><strong>iecunditateaciama</strong></span> <span class='ocrx_word' id='word_1_125' title='bbox 747 1448 865 1510; x_wconf 76' lang='lat' dir='ltr'><strong>Liviam,</strong></span> <span class='ocrx_word' id='word_1_126' title='bbox 939 1458 944 1469; x_wconf 84' lang='lat'><strong><em>¹</em></strong></span> 
     </span>
    </p>
   </div>
   <div class='ocr_carea' id='block_1_4' title="bbox 12 1516 943 2689">
    <p class='ocr_par' dir='ltr' id='par_1_4' title="bbox 12 1516 943 2689">
     <span class='ocr_line' id='line_1_21' title="bbox 59 1516 867 1584; baseline -0.004 -13"><span class='ocrx_word' id='word_1_127' title='bbox 59 1534 178 1572; x_wconf 83' lang='lat' dir='ltr'><strong>uxorem</strong></span> <span class='ocrx_word' id='word_1_128' title='bbox 188 1517 283 1580; x_wconf 88' lang='lat' dir='ltr'><strong>Drusi,</strong></span> <span class='ocrx_word' id='word_1_129' title='bbox 294 1516 489 1584; x_wconf 69' lang='lat' dir='ltr'><strong>praecellebat,</strong></span> <span class='ocrx_word' id='word_1_130' title='bbox 507 1518 558 1569; x_wconf 86' lang='lat' dir='ltr'><strong>sed</strong></span> <span class='ocrx_word' id='word_1_131' title='bbox 568 1517 670 1570; x_wconf 81' lang='lat' dir='ltr'><strong>iratres</strong></span> <span class='ocrx_word' id='word_1_132' title='bbox 680 1519 792 1583; x_wconf 78' lang='lat' dir='ltr'><strong>egregie</strong></span> <span class='ocrx_word' id='word_1_133' title='bbox 802 1531 867 1568; x_wconf 90' lang='lat' dir='ltr'><strong>con·</strong></span> 
     </span>
     <span class='ocr_line' id='line_1_22' title="bbox 59 1587 797 1652; baseline -0.008 -11"><span class='ocrx_word' id='word_1_134' title='bbox 59 1588 169 1650; x_wconf 88' lang='lat' dir='ltr'><strong>cordes,</strong></span> <span class='ocrx_word' id='word_1_135' title='bbox 185 1593 214 1639; x_wconf 90' lang='lat' dir='ltr'><strong>et</strong></span> <span class='ocrx_word' id='word_1_136' title='bbox 224 1589 411 1652; x_wconf 83' lang='lat' dir='ltr'><strong>proximorum</strong></span> <span class='ocrx_word' id='word_1_137' title='bbox 424 1587 621 1638; x_wconf 75' lang='lat' dir='ltr'><strong>certaminibus</strong></span> <span class='ocrx_word' id='word_1_138' title='bbox 633 1587 797 1636; x_wconf 86' lang='lat' dir='ltr'><strong>inconcussi.</strong></span> 
     </span>
     <span class='ocr_line' id='line_1_23' title="bbox 92 1653 873 1721; baseline -0.004 -13"><span class='ocrx_word' id='word_1_139' title='bbox 92 1656 196 1708; x_wconf 87' lang='lat' dir='ltr'>XLIV.</span> <span class='ocrx_word' id='word_1_140' title='bbox 215 1655 273 1708; x_wconf 85' lang='lat' dir='ltr'><strong>Nee</strong></span> <span class='ocrx_word' id='word_1_141' title='bbox 283 1655 371 1706; x_wconf 88' lang='lat' dir='ltr'><strong>multo</strong></span> <span class='ocrx_word' id='word_1_142' title='bbox 381 1661 444 1721; x_wconf 84' lang='lat' dir='ltr'><strong>post</strong></span> <span class='ocrx_word' id='word_1_143' title='bbox 455 1653 564 1714; x_wconf 84' lang='lat' dir='ltr'><strong>Drusus</strong></span> <span class='ocrx_word' id='word_1_144' title='bbox 574 1656 604 1705; x_wconf 92' lang='lat' dir='ltr'><strong>in</strong></span> <span class='ocrx_word' id='word_1_145' title='bbox 612 1653 756 1721; x_wconf 79' lang='lat' dir='ltr'><strong>illyricum</strong></span> <span class='ocrx_word' id='word_1_146' title='bbox 767 1653 873 1706; x_wconf 73' lang='lat' dir='ltr'><strong>misam</strong></span> 
     </span>
     <span class='ocr_line' id='line_1_24' title="bbox 61 1715 865 1792; baseline -0.006 -13"><span class='ocrx_word' id='word_1_147' title='bbox 61 1731 112 1790; x_wconf 85' lang='lat' dir='ltr'><strong>est,</strong></span> <span class='ocrx_word' id='word_1_148' title='bbox 130 1733 166 1776; x_wconf 87' lang='lat' dir='ltr'><strong>ut</strong></span> <span class='ocrx_word' id='word_1_149' title='bbox 178 1729 321 1776; x_wconf 78' lang='lat' dir='ltr'><strong>suesceret</strong></span> <span class='ocrx_word' id='word_1_150' title='bbox 335 1725 460 1786; x_wconf 83' lang='lat' dir='ltr'><strong>militiae,</strong></span> <span class='ocrx_word' id='word_1_151' title='bbox 479 1724 626 1792; x_wconf 85' lang='lat' dir='ltr'><strong>studiaque</strong></span> <span class='ocrx_word' id='word_1_152' title='bbox 632 1715 774 1776; x_wconf 80' lang='lat' dir='ltr'><strong>&#39;exercitus</strong></span> <span class='ocrx_word' id='word_1_153' title='bbox 784 1737 865 1792; x_wconf 82' lang='lat' dir='ltr'><strong>para·</strong></span> 
     </span>
     <span class='ocr_line' id='line_1_25' title="bbox 59 1792 866 1858; baseline -0.002 -12"><span class='ocrx_word' id='word_1_154' title='bbox 59 1801 117 1858; x_wconf 79' lang='lat' dir='ltr'><strong>ret3</strong></span> <span class='ocrx_word' id='word_1_155' title='bbox 126 1792 213 1846; x_wconf 86' lang='lat' dir='ltr'><strong>simul</strong></span> <span class='ocrx_word' id='word_1_156' title='bbox 222 1794 355 1855; x_wconf 84' lang='lat' dir='ltr'><strong>iuvenem,</strong></span> <span class='ocrx_word' id='word_1_157' title='bbox 365 1795 471 1844; x_wconf 90' lang='lat' dir='ltr'><strong>urbano</strong></span> <span class='ocrx_word' id='word_1_158' title='bbox 481 1793 550 1844; x_wconf 83' lang='lat' dir='ltr'><strong>luxu</strong></span> <span class='ocrx_word' id='word_1_159' title='bbox 559 1793 757 1858; x_wconf 80' lang='lat' dir='ltr'><strong>lascivientem,</strong></span> <span class='ocrx_word' id='word_1_160' title='bbox 766 1793 866 1846; x_wconf 86' lang='lat' dir='ltr'><strong>melius</strong></span> 
     </span>
     <span class='ocr_line' id='line_1_26' title="bbox 58 1859 866 1931; baseline -0.001 -17"><span class='ocrx_word' id='word_1_161' title='bbox 58 1865 88 1915; x_wconf 88' lang='lat' dir='ltr'><strong>in</strong></span> <span class='ocrx_word' id='word_1_162' title='bbox 104 1862 207 1916; x_wconf 87' lang='lat' dir='ltr'><strong>castris</strong></span> <span class='ocrx_word' id='word_1_163' title='bbox 222 1859 469 1926; x_wconf 83' lang='lat' dir='ltr'><strong>haberi&#39;l&#39;iberius,</strong></span> <span class='ocrx_word' id='word_1_164' title='bbox 489 1878 573 1931; x_wconf 86' lang='lat' dir='ltr'><strong>seque</strong></span> <span class='ocrx_word' id='word_1_165' title='bbox 593 1864 724 1914; x_wconf 82' lang='lat' dir='ltr'><strong>tutiorem</strong></span> <span class='ocrx_word' id='word_1_166' title='bbox 742 1863 866 1924; x_wconf 85' lang='lat' dir='ltr'><strong>rebatur,</strong></span> 
     </span>
     <span class='ocr_line' id='line_1_27' title="bbox 60 1929 863 2000; baseline 0 -18"><span class='ocrx_word' id='word_1_167' title='bbox 60 1939 181 2000; x_wconf 89' lang='lat' dir='ltr'><strong>utroque</strong></span> <span class='ocrx_word' id='word_1_168' title='bbox 190 1929 248 1982; x_wconf 82' lang='lat' dir='ltr'><strong>lilio</strong></span> <span class='ocrx_word' id='word_1_169' title='bbox 260 1930 384 1997; x_wconf 78' lang='lat' dir='ltr'><strong>legiones</strong></span> <span class='ocrx_word' id='word_1_170' title='bbox 394 1932 544 1983; x_wconf 86' lang='lat' dir='ltr'><strong>obtinente.</strong></span> <span class='ocrx_word' id='word_1_171' title='bbox 580 1929 635 1984; x_wconf 84' lang='lat' dir='ltr'><strong>Sed</strong></span> <span class='ocrx_word' id='word_1_172' title='bbox 646 1930 728 1983; x_wconf 83' lang='lat' dir='ltr'><strong>Sueri</strong></span> <span class='ocrx_word' id='word_1_173' title='bbox 738 1937 863 1998; x_wconf 80' lang='lat' dir='ltr'><strong>praeten-</strong></span> 
     </span>
     <span class='ocr_line' id='line_1_28' title="bbox 60 1998 864 2062; baseline -0.002 -8"><span class='ocrx_word' id='word_1_174' title='bbox 60 2001 209 2062; x_wconf 87' lang='lat' dir='ltr'><strong>debantur,</strong></span> <span class='ocrx_word' id='word_1_175' title='bbox 219 1998 352 2050; x_wconf 80' lang='lat' dir='ltr'><strong>auxilium</strong></span> <span class='ocrx_word' id='word_1_176' title='bbox 363 2000 494 2052; x_wconf 85' lang='lat' dir='ltr'><strong>adversus</strong></span> <span class='ocrx_word' id='word_1_177' title='bbox 505 1998 659 2052; x_wconf 86' lang='lat' dir='ltr'><strong>Cheruscos</strong></span> <span class='ocrx_word' id='word_1_178' title='bbox 669 2006 789 2052; x_wconf 85' lang='lat' dir='ltr'><strong>orantes.</strong></span> <span class='ocrx_word' id='word_1_179' title='bbox 800 2015 864 2052; x_wconf 80' lang='lat' dir='ltr'><strong>nant</strong></span> 
     </span>
     <span class='ocr_line' id='line_1_29' title="bbox 61 2068 863 2136; baseline -0.001 -15"><span class='ocrx_word' id='word_1_180' title='bbox 61 2069 186 2121; x_wconf 73' lang='lat' dir='ltr'><strong>discessu</strong></span> <span class='ocrx_word' id='word_1_181' title='bbox 197 2068 393 2132; x_wconf 81' lang='lat' dir='ltr'><strong>Romanorum,</strong></span> <span class='ocrx_word' id='word_1_182' title='bbox 409 2083 442 2120; x_wconf 88' lang='lat' dir='ltr'><strong>ac</strong></span> <span class='ocrx_word' id='word_1_183' title='bbox 451 2070 530 2119; x_wconf 82' lang='lat' dir='ltr'><strong>vacui</strong></span> <span class='ocrx_word' id='word_1_184' title='bbox 542 2074 657 2120; x_wconf 84' lang='lat' dir='ltr'><strong>externo</strong></span> <span class='ocrx_word' id='word_1_185' title='bbox 667 2075 753 2133; x_wconf 88' lang='lat' dir='ltr'><strong>metu,</strong></span> <span class='ocrx_word' id='word_1_186' title='bbox 772 2071 863 2136; x_wconf 87' lang='lat' dir='ltr'><strong>gentis</strong></span> 
     </span>
     <span class='ocr_line' id='line_1_30' title="bbox 61 2135 863 2204; baseline 0 -15"><span class='ocrx_word' id='word_1_187' title='bbox 61 2135 247 2189; x_wconf 82' lang='lat' dir='ltr'><strong>adsuetudine</strong></span> <span class='ocrx_word' id='word_1_188' title='bbox 252 2172 261 2199; x_wconf 94' lang='lat'><strong>,</strong></span> <span class='ocrx_word' id='word_1_189' title='bbox 281 2143 309 2188; x_wconf 91' lang='lat' dir='ltr'><strong>et</strong></span> <span class='ocrx_word' id='word_1_190' title='bbox 318 2142 377 2188; x_wconf 89' lang='lat' dir='ltr'><strong>tum</strong></span> <span class='ocrx_word' id='word_1_191' title='bbox 389 2136 574 2189; x_wconf 77' lang='lat' dir='ltr'><strong>aemulatione</strong></span> <span class='ocrx_word' id='word_1_192' title='bbox 583 2137 691 2204; x_wconf 85' lang='lat' dir='ltr'><strong>gloriae</strong></span> <span class='ocrx_word' id='word_1_193' title='bbox 701 2147 778 2188; x_wconf 81' lang='lat' dir='ltr'><strong>arms</strong></span> <span class='ocrx_word' id='word_1_194' title='bbox 791 2140 820 2188; x_wconf 91' lang='lat' dir='ltr'><strong>in</strong></span> <span class='ocrx_word' id='word_1_195' title='bbox 832 2154 863 2190; x_wconf 86' lang='lat' dir='ltr'><strong>se</strong></span> 
     </span>
     <span class='ocr_line' id='line_1_31' title="bbox 61 2205 862 2274; baseline 0.001 -18"><span class='ocrx_word' id='word_1_196' title='bbox 61 2208 215 2258; x_wconf 78' lang='lat' dir='ltr'><strong>verterant.</strong></span> <span class='ocrx_word' id='word_1_197' title='bbox 234 2206 279 2255; x_wconf 88' lang='lat' dir='ltr'><strong>vis</strong></span> <span class='ocrx_word' id='word_1_198' title='bbox 289 2207 440 2269; x_wconf 85' lang='lat' dir='ltr'><strong>nationum,</strong></span> <span class='ocrx_word' id='word_1_199' title='bbox 454 2207 543 2256; x_wconf 87' lang='lat' dir='ltr'><strong>virtus</strong></span> <span class='ocrx_word' id='word_1_200' title='bbox 553 2205 653 2256; x_wconf 91' lang='lat' dir='ltr'><strong>ducum</strong></span> <span class='ocrx_word' id='word_1_201' title='bbox 664 2207 692 2256; x_wconf 91' lang='lat' dir='ltr'><strong>in</strong></span> <span class='ocrx_word' id='word_1_202' title='bbox 702 2221 804 2274; x_wconf 87' lang='lat' dir='ltr'><strong>aequo:</strong></span> <span class='ocrx_word' id='word_1_203' title='bbox 813 2207 862 2258; x_wconf 89' lang='lat' dir='ltr'><strong>sed</strong></span> 
     </span>
     <span class='ocr_line' id='line_1_32' title="bbox 61 2273 863 2394; baseline 0.002 -67"><span class='ocrx_word' id='word_1_204' title='bbox 61 2273 267 2328; x_wconf 80' lang='lat' dir='ltr'><strong>Maroboduum</strong></span> <span class='ocrx_word' id='word_1_205' title='bbox 277 2273 360 2340; x_wconf 82' lang='lat' dir='ltr'><strong>Regis</strong></span> <span class='ocrx_word' id='word_1_206' title='bbox 376 2289 475 2325; x_wconf 92' lang='lat' dir='ltr'><strong>nomen</strong></span> <span class='ocrx_word' id='word_1_207' title='bbox 490 2275 606 2326; x_wconf 83' lang='lat' dir='ltr'><strong>inrisum</strong></span> <span class='ocrx_word' id='word_1_208' title='bbox 617 2275 691 2341; x_wconf 79' lang='lat' dir='ltr'><strong>apud</strong></span> <span class='ocrx_word' id='word_1_209' title='bbox 699 2276 863 2394; x_wconf 60' lang='lat' dir='ltr'><strong>Kopularm</strong></span> 
     </span>
     <span class='ocr_line' id='line_1_33' title="bbox 61 2341 827 2409; baseline 0.001 -13"><span class='ocrx_word' id='word_1_210' title='bbox 61 2345 228 2404; x_wconf 77' lang='lat' dir='ltr'><strong>Arminium,</strong></span> <span class='ocrx_word' id='word_1_211' title='bbox 237 2356 287 2409; x_wconf 86' lang='lat' dir='ltr'><strong>pro</strong></span> <span class='ocrx_word' id='word_1_212' title='bbox 298 2341 427 2396; x_wconf 81' lang='lat' dir='ltr'><strong>libertate</strong></span> <span class='ocrx_word' id='word_1_213' title='bbox 435 2341 597 2406; x_wconf 88' lang='lat' dir='ltr'><strong>bellantem,</strong></span> <span class='ocrx_word' id='word_1_214' title='bbox 611 2343 691 2394; x_wconf 83' lang='lat' dir='ltr'><strong>iaror</strong></span> <span class='ocrx_word' id='word_1_215' title='bbox 719 2344 827 2397; x_wconf 83' lang='lat' dir='ltr'><strong>abebat.</strong></span> 
     </span>
     <span class='ocr_line' id='line_1_34' title="bbox 113 2409 863 2478; baseline 0.001 -16"><span class='ocrx_word' id='word_1_216' title='bbox 113 2411 202 2464; x_wconf 81' lang='lat' dir='ltr'>XLV.</span> <span class='ocrx_word' id='word_1_217' title='bbox 219 2411 308 2478; x_wconf 82' lang='lat' dir='ltr'><strong>Igitur</strong></span> <span class='ocrx_word' id='word_1_218' title='bbox 317 2427 373 2464; x_wconf 90' lang='lat' dir='ltr'><strong>non</strong></span> <span class='ocrx_word' id='word_1_219' title='bbox 383 2412 465 2463; x_wconf 89' lang='lat' dir='ltr'><strong>modo</strong></span> <span class='ocrx_word' id='word_1_220' title='bbox 478 2409 609 2462; x_wconf 81' lang='lat' dir='ltr'><strong>Cherusci</strong></span> <span class='ocrx_word' id='word_1_221' title='bbox 624 2413 747 2478; x_wconf 90' lang='lat' dir='ltr'><strong>sociique</strong></span> <span class='ocrx_word' id='word_1_222' title='bbox 757 2427 863 2474; x_wconf 89' lang='lat' dir='ltr'><strong>eorum,</strong></span> 
     </span>
     <span class='ocr_line' id='line_1_35' title="bbox 12 2479 943 2545; baseline -0.005 -13"><span class='ocrx_word' id='word_1_223' title='bbox 12 2517 14 2520; x_wconf 91' lang='lat'>-</span> <span class='ocrx_word' id='word_1_224' title='bbox 62 2489 141 2534; x_wconf 80' lang='lat' dir='ltr'><strong>retus</strong></span> <span class='ocrx_word' id='word_1_225' title='bbox 152 2480 267 2532; x_wconf 75' lang='lat' dir='ltr'><strong>Arminii</strong></span> <span class='ocrx_word' id='word_1_226' title='bbox 282 2479 537 2545; x_wconf 81' lang='lat' dir='ltr'><strong>miles,‘sumpsere</strong></span> <span class='ocrx_word' id='word_1_227' title='bbox 556 2480 672 2532; x_wconf 81' lang='lat' dir='ltr'><strong>bellurn:</strong></span> <span class='ocrx_word' id='word_1_228' title='bbox 691 2479 739 2530; x_wconf 91' lang='lat' dir='ltr'><strong>sed</strong></span> <span class='ocrx_word' id='word_1_229' title='bbox 750 2495 864 2545; x_wconf 88' lang='lat' dir='ltr'><strong>eregno</strong></span> <span class='ocrx_word' id='word_1_230' title='bbox 935 2497 943 2511; x_wconf 63' lang='lat'><em>2</em></span> 
     </span>
     <span class='ocr_line' id='line_1_36' title="bbox 63 2547 866 2616; baseline -0.011 -14"><span class='ocrx_word' id='word_1_231' title='bbox 63 2551 149 2608; x_wconf 80' lang='lat' dir='ltr'><strong>etiam</strong></span> <span class='ocrx_word' id='word_1_232' title='bbox 160 2549 327 2612; x_wconf 79' lang='lat' dir='ltr'><strong>Marobodui</strong></span> <span class='ocrx_word' id='word_1_233' title='bbox 338 2547 445 2602; x_wconf 85' lang='lat' dir='ltr'><strong>Suevae</strong></span> <span class='ocrx_word' id='word_1_234' title='bbox 456 2553 568 2616; x_wconf 81' lang='lat' dir='ltr'><strong>gentes,</strong></span> <span class='ocrx_word' id='word_1_235' title='bbox 587 2548 741 2598; x_wconf 87' lang='lat' dir='ltr'><strong>Semnones</strong></span> <span class='ocrx_word' id='word_1_236' title='bbox 752 2562 784 2596; x_wconf 88' lang='lat' dir='ltr'><strong>ac</strong></span> <span class='ocrx_word' id='word_1_237' title='bbox 794 2547 866 2597; x_wconf 75' lang='lat' dir='ltr'><strong>Lan·</strong></span> 
     </span>
     <span class='ocr_line' id='line_1_37' title="bbox 63 2609 868 2689; baseline -0.015 -18"><span class='ocrx_word' id='word_1_238' title='bbox 63 2617 190 2689; x_wconf 82' lang='lat' dir='ltr'><strong>gubardi,</strong></span> <span class='ocrx_word' id='word_1_239' title='bbox 207 2615 334 2670; x_wconf 84' lang='lat' dir='ltr'><strong>deiecere</strong></span> <span class='ocrx_word' id='word_1_240' title='bbox 346 2617 381 2670; x_wconf 91' lang='lat' dir='ltr'><strong>ad</strong></span> <span class='ocrx_word' id='word_1_241' title='bbox 393 2632 465 2670; x_wconf 88' lang='lat' dir='ltr'><strong>eum.</strong></span> <span class='ocrx_word' id='word_1_242' title='bbox 485 2617 584 2684; x_wconf 90' lang='lat' dir='ltr'><strong>quibus</strong></span> <span class='ocrx_word' id='word_1_243' title='bbox 595 2614 707 2676; x_wconf 87' lang='lat' dir='ltr'><strong>additis,</strong></span> <span class='ocrx_word' id='word_1_244' title='bbox 718 2609 868 2678; x_wconf 78' lang='lat' dir='ltr'><strong>praepolle-</strong></span> 
     </span>
    </p>
   </div>
   <div class='ocr_carea' id='block_1_5' title="bbox 0 0 1035 3025">
    <p class='ocr_par' dir='ltr' id='par_1_5' title="bbox 0 0 1035 3025">
     <span class='ocr_line' id='line_1_38' title="bbox 0 0 1035 3025; baseline 0 0"><span class='ocrx_word' id='word_1_245' title='bbox 0 0 1035 3025; x_wconf 95' lang='lat' dir='ltr'><strong> </strong></span> 
     </span>
    </p>
   </div>
  </div>
 </body>
</html>
