2034 3025
62 129 68 134 -
126 91 442 168 anstrannum.
489 94 772 173 [assason]
826 99 860 150 n>

49 207 188 254 terrorem
200 205 284 267 atque
296 200 389 250 odium
402 200 501 252 caedes
511 199 632 265 Galbae3
650 207 748 252 contra
757 203 799 253 illi
809 205 860 254 ini.

46 272 118 323 tium
129 269 195 320 belli
211 285 291 320 nemo
306 269 461 336 innatabat·
496 268 626 321 Vitellius
639 275 737 322 ventre
753 277 783 322 et
792 271 860 338 gula

48 341 102 391 sibi
112 341 171 405 ipse
183 337 283 402 hostis3
305 338 377 390 Otho
390 337 467 402 luxu,
478 341 601 402 saeuitia,
618 339 743 402 audacia,
758 337 858 407 Reipu-

46 409 139 461 blicae
159 410 304 460 exitiosior
328 409 488 460 ducebatur.
534 409 695 460 Coniunctis
720 411 858 464 Caecinae

46 493 82 531 ac
91 478 217 532 Valentis
228 478 327 545 copiis,
345 477 423 529 nulla
434 477 511 529 ultra
525 493 610 545 penes
623 478 790 533 vitellianos
800 495 857 531 nro·

46 565 91 613 ra,
112 549 178 616 quin
195 549 263 598 totis
283 548 387 597 viribus
403 551 552 603 certarent.
587 545 661 599 Otho
681 548 858 613 consultavit,
900 606 905 609 ,

46 617 126 680 trahi
138 617 252 679 bellum,
272 633 307 668 an
323 615 462 667 fortunam
479 618 600 684 experiri
616 617 747 683 placeret.
783 619 857 669 Tum

48 688 200 741 Suetonius
211 684 361 748 Paullinus‚
371 686 483 752 dignum
494 686 569 738 fama
579 701 631 738 sua
640 691 727 750 ratus,
744 703 799 755 qua
811 703 857 740 ne·

48 772 96 809 mo
106 756 158 806 illa
167 760 335 820 tempestate
350 755 479 818 militaris
495 758 537 808 rei
551 757 677 808 callidior
692 756 857 820 habebatur,

48 826 157 886 duroto
168 839 269 891 genere
284 825 349 877 belli
365 841 490 889 censere,
505 825 717 899 festinationem
727 825 858 894 hostibus,

46 909 151 950 moram
160 892 227 960 ipsis
238 893 331 946 utilem
347 895 489 947 disseruit:

101 963 217 1016 XXXII.
251 963 414 1016 Exercitum
425 960 530 1016 Vitellii
540 964 695 1018 uniuersum
704 964 857 1019 advenisses

45 1050 97 1088 nec
107 1035 220 1085 multum
230 1032 330 1084 uirium
339 1050 357 1085 a
369 1042 456 1102 tergo,
466 1033 591 1099 quioniam
604 1035 713 1087 Galliae
724 1044 858 1100 tumeant,

46 1112 77 1158 et
86 1105 207 1154 deserere
222 1100 312 1155 nient
325 1102 429 1170 ripum,
449 1100 604 1170 inrupturis
618 1112 676 1155 tam
689 1103 800 1176 infestis
810 1122 858 1158 na·

46 1171 176 1234 tionibus,
186 1188 240 1226 non
250 1171 398 1224 conducat:
416 1169 611 1226 Britannicum
621 1172 818 1227 militemJeoste
828 1181 858 1226 et
884 1225 893 1235 ,

45 1241 119 1296 mari
134 1238 275 1293 distineri:
293 1239 444 1308 Hispanias
458 1242 542 1296 armis
561 1260 615 1295 non
628 1241 672 1294 ita
687 1244 857 1299 redundare.-

42 1309 215 1380 prorincinm
233 1307 432 1362 Narbonensem
455 1310 567 1375 incursu
586 1311 680 1365 classis
699 1321 727 1364 et
745 1314 858 1365 aduerso

44 1379 148 1448 proelio
160 1378 365 1431 contremuisse:
384 1381 502 1430 clausam
516 1381 638 1447 Alpibus,
649 1389 676 1432 et
686 1383 761 1433 nullo
771 1381 858 1434 maris

45 1447 175 1510 subsidio,
196 1445 637 1518 Transpadauamltaliamatque
656 1448 714 1517 ipso
733 1449 871 1502 transitu*

45 1516 184 1573 exercitus
198 1526 317 1568 uastam:
345 1534 398 1569 non
406 1518 580 1589 frumentum
594 1534 708 1585 usquam
716 1515 860 1572 exercitui:

47 1604 96 1643 nee
107 1584 257 1639 exereitum
265 1584 322 1637 sine
333 1586 416 1652 copiis
426 1586 544 1640 retineri
548 1605 637 1655 passe.
672 1587 733 1639 Iam
747 1588 859 1640 Germa·
940 1616 943 1621 .
983 1605 985 1608 ·

46 1672 103 1721 nos,
121 1654 284 1725 quodgenus
293 1654 411 1707 militum
421 1657 592 1723 apueliostes
603 1656 802 1711 atrocissimum
812 1657 859 1723 sit,

46 1724 862 1795 tractoinaestatemiello,fluniscorporibus,mntalionem

47 1796 98 1849 soli
108 1794 226 1862 caelique
236 1792 312 1846 lsaud
320 1797 492 1848 toleraturos.
520 1797 611 1850 Multa
621 1797 698 1859 bella,
708 1796 804 1864 inpetu
812 1813 860 1852 nu·

46 1866 113 1929 lida,
119 1882 171 1933 per
181 1863 273 1917 taedia
284 1872 312 1916 et
325 1880 417 1917 moras
432 1867 579 1920 evanuisse.
617 1864 720 1928 Contra
728 1865 795 1934 ipsis
805 1884 861 1920 om·

47 1934 95 1987 nia
106 1936 234 2005 opulenta
248 1943 276 1985 et
284 1934 361 2004 fida:
380 1935 564 2001 Pannoniam,
584 1934 859 2004 Moesiam,'Dalma-

48 2003 126 2067 tiam,
139 2002 292 2068 Orientem,
305 2020 366 2055 cum
375 2004 493 2074 integris
510 2005 689 2066 enereitilus5
706 2005 820 2061 Italiam
830 2014 859 2060 et

45 2081 130 2141 caput
148 2089 238 2123 rerum
253 2072 359 2125 urbem.-
379 2073 562 2143 senatumque
582 2084 609 2127 et
627 2071 763 2141 Populum
781 2092 858 2129 num·

47 2158 128 2209 quam
143 2141 256 2192 obscura
273 2140 390 2206 nentina,
411 2142 462 2194 etsi
482 2144 628 2211 aliquando
649 2144 858 2206 oiurrrbrentur3

43 2208 351 2280 puilicns‘prioatusque
363 2214 424 2279 opfes
435 2220 462 2263 et
472 2210 617 2267 inmensam
622 2214 775 2281 pecuniam,
783 2215 859 2267 intes·

47 2279 138 2333 civiles
153 2278 304 2331 diseordius
312 2280 396 2351 ferro
414 2280 592 2344 calidiorem
609 2298 725 2351 corpora
741 2283 860 2335 utilitum
911 2334 920 2344 ,

47 2348 209 2402 aut-Italiae
223 2357 315 2411 sueta,
326 2354 386 2401 ‘aut
401 2351 538 2418 aestibus}
553 2352 675 2405 obiacere
682 2350 790 2421 flumen
799 2352 857 2415 Pa,-

46 2420 120 2483 clum,
136 2416 290 2471 tutasairis
299 2419 435 2487 murisque
446 2420 525 2473 urbes
532 2439 543 2483 ;
561 2439 576 2473 e
589 2422 684 2491 arcibus
697 2423 799 2473 nullam
810 2420 857 2473 io·

46 2487 85 2541 sti
95 2504 238 2551 cessuram,
252 2487 411 2542 Placentiae
428 2490 583 2561 defensione
592 2494 771 2559 exploratum.
789 2489 856 2542 Pra-
913 2548 916 2552 ,

46 2557 111 2611 inde
125 2558 234 2609 duceret
244 2557 348 2609 bellum.
383 2554 481 2627 paucis
491 2554 582 2613 diebus
601 2558 857 2627 quartanulecimam

3 2690 5 2695 X
48 2624 194 2699 legionem,
212 2631 314 2699 magna
328 2627 414 2700 ipsam
422 2630 518 2703 fauna,
536 2646 597 2683 cum
611 2627 757 2684 Moesiacis
771 2627 856 2697 copiis
