2034 3025
130 5 197 106 urs.
238 11 477 104 ‘sunnnrun
493 43 657 119 [utrm
673 4 813 116 neser
908 76 912 95 ι
938 7 944 17 ‘

129 155 209 204 niens
218 153 394 202 inimicorum
405 158 492 213 astus,
502 153 652 202 amicorum
663 155 875 218 poenitentiam:
890 171 938 207 ne·

130 237 185 289 que
192 227 309 272 eruerat
319 222 477 287 paedorem,
488 225 521 270 ut
528 221 640 287 vulgum
651 223 829 275 miseratione
840 224 938 276 adver-

129 289 209 342 teret'.
229 305 284 340 non
293 289 383 351 fraus,
394 305 449 341 non
461 303 566 355 preces,
578 289 647 340 nihil
658 295 799 355 omissum,
810 308 865 360 quo
879 309 939 344 am·

66 401 69 406 .
129 361 227 428 biguos
238 359 375 422 inliceret,
386 361 505 424 prompti
516 360 705 410 firmarentur.
712 361 836 428 Jamque
847 363 939 415 muns

127 445 212 482 manu
227 432 381 496 propinqua
394 427 539 480 Seleuciae
555 428 739 497 adventabatf,
756 445 819 481 cum
828 430 939 483 Tiridaa

86 525 90 535 ·
129 505 186 562 tes,
202 499 285 549 simul
296 497 380 559 famu,
392 502 476 564 atque
487 496 700 564 ipso'drtabano
711 500 869 564 perculsus,
883 501 938 552 dis-

126 567 345 634 trahic'onsiliis,
355 568 410 618 iret
417 571 524 630 contra,
534 566 568 617 an
579 566 683 618 bellum
694 571 871 621 cunctatione
881 575 940 621 troz

130 642 227 688 ctaret.
250 636 357 697 Quibus
369 637 504 703 proelium
517 642 547 688 et
557 634 680 688 festinati
692 652 771 688 casus
781 639 939 705 placebant,

130 705 255 756 disiectos
267 715 294 756 et
303 705 502 773 longinquitate
513 703 623 756 itineris
627 706 725 777 sessor,
735 725 769 758 ne
779 703 870 761 auimo
881 707 940 776 quu'-

38 771 41 788 *
130 775 188 826 dem
198 773 265 826 satta
276 775 312 826 ud
321 775 472 844 obsequium
482 774 628 839 coaluisse,
647 775 800 840 disserunt,
815 777 940 844 prodito·

53 905 56 910 ἱ
129 856 173 895 res
183 859 268 910 nuper
279 843 416 910 hostesque
428 845 499 908 eius,
519 859 595 910 quem
605 860 714 896 rursum
722 843 849 914 foveant.
884 846 940 900 Ve-

130 927 194 964 rum
215 914 383 980 abdageses,
402 912 619 980 'regrediendum
645 913 677 966 t'n
704 914 940 982 Mesopotamium,

131 983 272 1046 censebat,
287 993 324 1034 nt
333 999 410 1035 omne
420 980 533 1045 obiecto,
549 981 686 1035 Armeniis
695 984 806 1036 interim
816 985 942 1052 Elymae-

130 1051 206 1118 isque
216 1060 243 1102 et
253 1052 349 1104 ceteris
360 1068 377 1103 a
387 1063 464 1120 tergo
476 1051 586 1114 excitis,
596 1053 685 1103 'aucti
690 1052 774 1121 copiis
784 1053 941 1114 senalidus,

77 1149 81 1154 -
131 1131 158 1174 et
168 1138 234 1191 quas
243 1120 311 1173 Dux
320 1119 457 1172 Roueanus
466 1119 591 1184 irrisimus,
597 1122 745 1192 fortunam
754 1125 941 1175 nummulis

131 1193 271 1258 sententia
282 1192 377 1252 valuit,
388 1191 453 1256 quia
464 1190 584 1256 plurima
595 1193 747 1242 auctoritas
757 1207 841 1258 penes
852 1191 941 1243 Abda·
956 1218 959 1220 v

131 1261 226 1328 gesen,
243 1261 421 1329 etjl'iridates
432 1261 548 1326 ignarus
560 1260 595 1310 ad
605 1261 730 1326 pericula
741 1268 809 1314 erat.
839 1261 888 1329 sed
900 1259 942 1311 fu·

131 1347 184 1398 gae
199 1331 291 1395 specie
302 1331 466 1381 discessum:
487 1344 533 1391 ac,
551 1330 687 1396 principio
698 1337 809 1398 agente
818 1332 941 1382 Arabum

130 1399 219 1461 facto,
242 1393 328 1451 ceteri
345 1399 441 1450 domos
453 1399 569 1464 abeunt,
586 1399 631 1451 rel
645 1401 673 1450 in
689 1406 782 1452 castra
791 1401 941 1454 Artabani:

132 1470 221 1523 donec
231 1470 381 1533 Tiridates,
392 1485 452 1521 cum
463 1471 568 1537 paucis,
578 1469 607 1521 in
619 1468 730 1537 Syriam
741 1476 877 1538 revectos,
893 1485 943 1539 pu-

133 1540 201 1601 dore
211 1541 377 1607 proditionis
387 1549 484 1592 ‘omnes
495 1541 622 1591 exsolvit.

192 1606 276 1661 XLV.
305 1610 381 1663 idem
393 1624 481 1661 annus
491 1613 568 1677 gravi
583 1611 648 1676 igne
663 1611 761 1661 urbem
773 1608 944 1672 adficit,.de·
957 1650 960 1653 .

36 1666 37 1673 ἵ
132 1686 196 1731 usta
210 1679 291 1744 parte
306 1680 395 1741 Circi,
414 1693 485 1746 quae
504 1680 641 1733 Aventino
661 1681 806 1745 contigua,
823 1681 944 1745 'ipsoque

131 1750 276 1799 Auentino.
296 1746 369 1813 quod
389 1747 518 1797 damnum
534 1744 639 1800 Caesar'
654 1748 690 1798 ed
709 1747 828 1815 gloriam
849 1750 944 1809 vertit,

133 1816 268 1869 exsolutis
280 1815 411 1877 domuum
422 1819 451 1867 et
461 1814 615 1865 insularum
627 1816 735 1879 pretiis.
770 1817 876 1867 Millies
886 1832 944 1867 ses-

131 1887 246 1938 tertium
258 1900 291 1936 ea
299 1886 489 1939 munificentia
500 1883 692 1947 conlocatum
712 1890 792 1935 tanto
801 1887 944 1951 acceptius

131 1956 161 2006 in
170 1954 281 2021 vulgum
288 1966 304 2017 ,‘
315 1960 419 2021 quanto
432 1953 556 2003 modicus
566 1954 682 2019 privatis
692 1954 945 2008 aedificationibus.

131 2024 173 2077 Ne
185 2023 290 2089 publice
302 2023 421 2089 quidem,
437 2024 490 2073 nisi
501 2022 557 2073 duo
569 2037 661 2087 opera,
678 2025 791 2087 struxit,
806 2024 944 2089 templum

132 2096 265 2161 Augusto,
281 2092 310 2143 et
320 2106 432 2143 scenam
443 2092 605 2157 Pompeiani
615 2090 732 2144 theatri:
754 2108 841 2159 eaque
852 2091 945 2161 perle-

132 2169 185 2223 cta,
201 2152 362 2227 contemptu
373 2163 541 2224 ambitionis,
561 2177 595 2212 an
608 2177 657 2229 per
665 2166 847 2224 senectutem,
868 2160 945 2212 haud

103 2246 105 2250 ·
133 2232 280 2283 dedicavit
309 2230 357 2282 sed
370 2232 542 2283 aestimando
553 2232 687 2298 cuiusque
697 2232 865 2283 detrimento
877 2245 945 2298 qua·

133 2308 198 2351 tuor
210 2302 356 2366 progeneri
369 2302 504 2363 Caesaris,
521 2303 569 2354 Cn.
581 2299 730 2363 Domitius,
746 2300 856 2358 Cassius
867 2299 943 2349 Lon·

42 2417 45 2421 A
101 2403 105 2407 -
132 2372 223 2437 gidus,
240 2370 279 2419 Μ.
291 2370 426 2434 Vinicius,
442 2370 586 2422 Rubellius
596 2370 721 2434 Blandus
734 2368 848 2431 delecti,
864 2368 944 2434 addi·

132 2444 233 2504 tusque
246 2440 434 2507 nominatione
445 2440 595 2490 Consulum
608 2438 637 2490 P.
649 2439 806 2489 Petronius.
841 2439 880 2489 Et
889 2452 942 2503 pro

133 2508 245 2575 ingenio
266 2509 399 2575 cuiusque
412 2510 537 2577 'quaesiti
559 2509 721 2574 decretique
740 2508 769 2557 in
784 2504 943 2573 Principem

135 2571 262 2628 honores.
291 2591 359 2646 quos
376 2574 499 2630 omiserit
513 2579 698 2644 receperitve,
716 2579 745 2628 in
759 2574 944 2638 incertumst,
