2034 3025
34 54 40 184 'b
125 95 175 148 ros
245 95 826 170 nunnnrvm[navate-di·
880 110 882 112 ’
934 180 942 186 ,

124 177 933 204 .-.....-..-....-.-,,.-..-............,.

49 201 52 205 ’
117 229 119 238 ·
152 219 156 228 “
175 204 287 258 XLVll.
301 207 336 256 llt
347 203 472 268 Sabinus,
482 205 572 257 donec
583 206 721 257 exercitus
731 207 760 256 in
770 220 856 256 unum
866 221 939 258 con-

117 273 253 338 duceret,
281 273 352 326 datis
371 275 484 327 mitibus
498 277 651 342 responsis,
678 274 743 325 dum
760 274 937 342 Pomponius

118 343 217 396 Labeo
228 361 243 396 e
253 345 361 396 Moesia
371 359 433 396 cum
443 345 562 411 legione,
574 344 633 396 Rex
644 342 855 396 Rhoemetalces
865 360 935 396 cum
955 374 961 378 -

118 411 234 466 auxiliis
244 413 435 480 popularium,
454 415 499 481 qui
510 413 594 464 tidem
610 429 664 464 non
675 411 867 477 mutaverant,
885 429 933 466 vo·

43 483 47 490 '
118 483 206 547 niret3
222 483 317 534 addita
327 485 466 548 praesenti
477 483 565 549 copia,
582 481 618 534 ad
628 482 737 535 hostem
747 484 845 550 pergit,
856 497 933 536 eom·

30 561 32 569 “
119 556 244 620 positum
254 553 309 603 iam
321 567 369 618 per
380 553 524 618 angustias
534 551 666 604 saltuum.
695 553 813 614 Quidam
825 551 932 606 auden-

68 657 70 660 -
119 623 178 674 tius
189 624 293 688 apertis
307 624 336 673 in
347 621 465 672 collibus
480 622 654 673 visebantur:
673 617 742 690 quos
752 622 819 675 Dux
828 622 932 674 Roma·

107 706 187 753 mus,
204 692 264 742 acie
275 705 453 758 suggressus,
474 688 549 742 haud
560 705 645 760 aegre
655 691 775 758 pepulit,
792 687 932 759 sanguino

99 754 305 828 ,barbarorum
325 759 448 824 modioo',
469 761 504 813 ob
523 763 677 827 propinqua
692 759 824 827 suffugia.
858 760 932 815 Mox

120 830 222 882 castris
236 831 264 879 in
278 829 340 881 loco
358 831 534 881 communitis
544 829 637 880 valide
650 836 734 880 manu
750 836 873 882 montem
884 845 932 882 oo·

120 903 218 965 eupat,
237 904 383 966 angustum
400 906 430 952 et
446 899 557 968 aequali
568 899 651 952 dorso
667 899 829 967 continuum
839 906 931 969 usque

100 987 104 1004 ¹
120 969 157 1020 ad
167 969 323 1034 proximum
333 969 486 1031 castellum,
504 969 580 1036 quod
591 983 690 1036 magna
699 970 740 1019 vis
751 973 869 1032 armata,
879 975 933 1022 aut

29 1035 31 1045 ’
118 1038 273 1102 incondita,
291 1040 434 1090 tuebatur=
456 1038 540 1090 simul
550 1039 578 1088 in
589 1036 787 1102 ferocissimos,
806 1039 931 1106 quiante

118 1107 239 1169 vallum,
266 1123 343 1160 more
358 1109 465 1175 gentis,
496 1115 559 1160 cum
574 1108 741 1159 carminibus
756 1113 785 1160 et
800 1107 930 1174 tripudiis

117 1176 321 1244 persultabant,
341 1179 428 1228 mittit
438 1176 563 1245 delectos
574 1177 793 1243 sagittariorum.
829 1178 930 1230 lidum
943 1219 954 1233 x

120 1247 229 1297 onninus
240 1247 450 1313 grassabantur,
479 1246 577 1298 crebra
587 1251 616 1296 ct
630 1247 723 1297 inulta
732 1246 848 1298 vulnera
858 1246 931 1300 fece·

117 1331 167 1379 re3
185 1317 298 1383 propius
308 1315 469 1367 incedentes
480 1317 628 1382 eruptione
637 1317 730 1374 subita
737 1317 844 1367 turbati
855 1322 930 1379 sunt,

117 1386 280 1452 receptique
294 1383 600 1452 subsidioSugambrae
615 1385 753 1450 cohortis,
781 1401 865 1453 quam
876 1387 931 1437 Ro·
945 1429 949 1434 .

95 1493 99 1498 .
118 1470 220 1510 nranus
231 1460 387 1523 promptam
399 1455 434 1506 ad
445 1455 578 1523 pericula,
597 1471 648 1508 nec
659 1458 749 1507 minus
760 1461 891 1507 cantuum
900 1459 930 1506 et

101 1538 261 1597 ,armorum
273 1526 396 1577 tumultu
406 1530 528 1589 trucem,
549 1526 623 1578 haud
637 1526 735 1594 procul
748 1527 930 1581 instruxerat.

173 1594 301 1649 XLVIII.
315 1595 465 1665 Translata
476 1594 576 1647 dehinc
585 1601 678 1659 castra
688 1594 797 1645 hostem
805 1600 931 1660 propter,

119 1662 228 1715 relictis
238 1662 311 1729 apud
322 1666 417 1731 priora
427 1665 600 1714 munimenta
610 1662 781 1723 Thracibus,
803 1676 873 1727 quos
883 1677 931 1715 no·
992 1727 995 1734 ι

120 1734 162 1783 bis
182 1730 305 1784 adfuisse
325 1733 485 1783 memoravi.
521 1732 611 1800 iisque
631 1734 795 1796 permissum
813 1738 931 1793 vastare,

120 1818 209 1862 urere,
222 1798 337 1851 trahere
343 1801 474 1867 praedas,
492 1799 556 1850 darn
563 1798 704 1866 populatio
714 1802 799 1851 lucem
808 1796 886 1851 intro
896 1798 932 1851 ei·

118 1878 254 1933 meretur,
271 1876 426 1935 noctemque
435 1868 464 1921 s'n
474 1867 574 1920 eastris
585 1876 674 1919 tutam
684 1876 712 1919 et
721 1865 831 1937 vigilem
840 1884 930 1935 capes·

121 1946 220 1991 serent.
257 1937 285 1987 id
297 1938 386 2004 primo
397 1941 552 1989 servatum:
573 1951 638 1987 mox
648 1940 722 1989 versi
732 1938 760 1987 in
770 1935 866 1990 luxum
873 1973 882 2001 ,
901 1944 931 1991 et

121 2008 208 2073 raptis
220 2005 359 2078 opulenti,
365 2008 494 2059 omittere
505 2008 650 2070 stationes,
659 2007 772 2058 lascivia
784 2008 930 2074 epularum

122 2082 174 2129 aut
183 2090 281 2129 somno
292 2080 321 2127 et
330 2076 394 2128 rino
405 2077 597 2144 procumbere.
634 2077 723 2145 igitur
732 2075 836 2140 hostes,
855 2079 931 2130 incu-

121 2147 166 2199 ria
181 2152 277 2199 eorum
288 2151 445 2213 comperta,
472 2146 529 2197 duo
545 2146 655 2214 agmina
669 2143 784 2213 parant3
812 2162 931 2214 quoram

123 2216 214 2269 altero
225 2214 407 2284 populatores
417 2215 625 2279 invaderentur,
645 2215 694 2267 alii
705 2220 797 2267 castra
806 2216 932 2271 Romana

123 2286 327 2352 adpugnarent,
342 2300 399 2338 non
409 2301 458 2354 spe
469 2286 604 2353 capiendi,
614 2286 664 2337 sed
675 2291 706 2337 ut
716 2286 847 2347 clamore,
856 2284 930 2349 telis,

124 2369 175 2406 suo
185 2357 300 2423 quisque
312 2355 437 2421 periculo
447 2358 580 2420 intentus,
590 2370 722 2407 sonorem
733 2354 933 2421 alteriusproe·

123 2424 223 2475 liinon
233 2424 378 2489 occiperet.
414 2427 548 2479 tenebrae
561 2426 678 2491 insuper
696 2423 821 2476 delectae
831 2438 932 2491 augeo·

125 2493 188 2545 dam
199 2493 234 2545 od
250 2490 447 2553 formidinemg
472 2494 528 2549 Sed
538 2496 586 2563 qui
601 2496 705 2547 vallum
721 2489 863 2562 legionum
874 2497 932 2544 ten·

123 2562 232 2627 tabent,
247 2562 329 2615 facile
341 2565 498 2631 pellunturz
514 2565 653 2619 Thracum
663 2563 778 2627 auxilia,
788 2562 932 2629 repentino

125 2633 241 2693 incursu
254 2634 457 2701 territafficum
472 2649 539 2705 pars
554 2635 756 2689 munitionibus
765 2633 933 2692 adiacerent,
