2034 3025
159 139 506 195 maurosum-ro.
543 107 831 218 [ursanensi
862 145 897 202 ov

88 246 161 294 rent.
197 236 233 292 ut
243 242 332 290 aversi
342 244 458 305 repente
473 240 571 289 animi:
591 253 641 290 nec
651 245 743 291 tameo
754 245 851 306 aperta
863 246 898 302 vi,

89 315 186 376 aptum
202 313 313 375 tempus
327 308 434 359 insidiis
450 306 552 374 legere.
588 309 733 375 digressis,
753 308 800 376 riui
815 309 898 361 Paca-

89 381 162 430 rium
174 375 397 445 frequentabant,
415 377 505 428 nudus
516 382 546 429 et
560 379 657 428 auxilii
667 379 754 444 inops,
781 378 898 430 balineis

90 448 575 512 interficitur,trucidatietcomites.
611 449 717 515 capita,
727 453 759 498 ut
767 445 897 507 bostium,

89 518 144 583 ipsi
154 515 347 570 interfectores
361 516 396 568 ad
408 515 547 569 Othonem
563 516 667 570 tolerer
685 533 775 586 oeque
790 532 838 570 eos
848 522 898 568 aut

90 584 166 639 Otho
177 586 302 652 praemio
313 585 424 648 adiecit,
440 592 489 638 aut
497 588 605 652 punivit
614 586 752 650 Vitellius,
769 589 798 638 ia
808 586 898 638 molta

92 655 221 709 conluvie
230 668 323 706 rerum
334 655 484 706 maioribus
494 656 607 724 flagitiis
617 658 777 724 permixtos.

145 722 230 775 xvii.
264 724 420 791 Aperuerat
429 727 484 776 iam
497 725 621 789 italiam,
639 726 797 796 bellumque
807 716 898 778 trani·

93 793 216 856 miserat,
233 795 266 844 ut
281 808 366 862 supra
381 797 603 859 memoravimus,
620 796 666 848 ala
677 795 802 864 Syllana,
819 794 897 846 nullo

92 860 166 928 apud
177 876 341 931 quemquam
352 861 471 916 Othonis
486 862 594 916 favore:
611 881 663 918 aec
677 868 743 933 quia
752 865 897 919 Vitellium

91 931 222 996 mallent3
239 933 294 985 sed'
305 932 388 1002 longa
402 947 456 1000 pax
466 931 502 984 ad
519 948 600 986 omne
615 929 756 987 servitium
767 934 898 1003 fregerat,
945 973 950 983 .

91 999 190 1054 faciles
204 1003 404 1069 occupantibus
419 1007 448 1053 et
460 1002 622 1054 melioribus
636 1005 800 1056 incuriosos.
836 1003 898 1056 Flo·

91 1070 280 1124 tentissimum
289 1071 387 1129 italiae
396 1070 487 1132 latus,
507 1077 640 1138 quantum
654 1074 728 1126 inter
738 1073 842 1125 Padurn
853 1072 899 1125 iil·

93 1154 197 1208 pesque
207 1154 367 1207 camporum
378 1145 407 1192 et
417 1140 537 1202 urbium,
556 1142 641 1192 armis
650 1143 758 1194 Vitellii
768 1148 899 1210 (namque

89 1214 124 1261 et
133 1211 304 1276 praemissae
317 1223 334 1260 a
350 1209 468 1261 Caecina
482 1207 612 1262 cobortes
627 1210 808 1275 advenerant)
823 1218 900 1263 tene·

93 1279 184 1330 batur.
221 1278 517 1345 CaptaPannoniorum
529 1277 631 1332 cohors
639 1282 713 1348 apud
725 1281 899 1332 Cremonam

92 1349 244 1413 intercepti
255 1353 366 1398 centurn
377 1349 485 1416 equites
498 1363 532 1398 ac
545 1349 621 1400 mille
637 1350 743 1401 classici
754 1352 828 1400 inter
838 1348 900 1400 Pla-

94 1417 215 1468 centiam
228 1417 418 1483 Tioinumque.
454 1426 658 1484 quo'successo
671 1417 839 1471 Vitellianus
851 1419 900 1474 mi·

94 1485 135 1538 les
150 1497 206 1535 non
222 1483 277 1535 ism
291 1482 406 1537 flumine
419 1491 469 1536 aut
487 1485 555 1550 ripis
571 1487 728 1539 arcebatur.
763 1487 900 1540 innubat
936 1524 940 1531 .

94 1556 161 1623 quin
176 1553 260 1605 etiarn
275 1553 396 1613 Batavos
416 1553 702 1624 'l'ransrhenanosque
721 1555 813 1608 Padus
827 1558 899 1622 ipse:

95 1638 177 1691 quem
186 1628 314 1689 repente,
325 1626 423 1674 contra
432 1622 612 1687 Placentiam,
623 1627 801 1693 transgressi,
809 1625 899 1693 raptis

95 1690 258 1761 quibusdam
274 1688 308 1743 ei
328 1690 508 1755 iuratoribus,
528 1695 570 1745 its
583 1699 691 1746 ceteros
701 1701 840 1758 terruere,
857 1700 900 1757 at,
1006 1754 1009 1759 ,

317 1760 326 1783 Υ

93 1763 294 1815 adesseomnem
324 1761 433 1814 aesinos
442 1762 708 1831 exercitumtrepidi
716 1778 751 1815 ac
760 1762 821 1815 salsi
832 1778 901 1815 nun·

93 1833 206 1893 tierent.
242 1830 354 1883 Certum
365 1836 427 1883 erat
438 1830 592 1898 Spurinnae
602 1835 639 1896 (is
647 1835 720 1885 esim
730 1833 900 1887 Placentiam

58 1916 62 1919 ·
95 1900 247 1963 obtinebat)
260 1900 383 1952 necdum
399 1903 506 1953 venisse
517 1902 675 1966 Caecinam,
695 1909 738 1966 et,
756 1905 780 1953 si
790 1905 900 1972 propin·

95 1975 204 2037 queret,
223 1984 353 2022 coercere
366 1971 441 2021 intra
457 1973 628 2022 monimenta
643 1972 769 2037 militem,
788 1988 839 2025 nec
848 1974 900 2024 tris

94 2039 253 2091 Praetorias
269 2038 398 2091 cobortes
411 2045 440 2091 et
454 2040 713 2106 millevexillarios,
732 2044 793 2094 cuin
804 2043 900 2109 paucis

95 2107 247 2174 equitibus,
259 2112 396 2159 'veterano
408 2110 542 2161 exercitui
553 2112 683 2164 obiicere.
720 2112 775 2165 Sed
785 2112 901 2174 indomi-

94 2183 141 2227 tus
151 2173 230 2225 miles
239 2180 268 2224 et
275 2175 343 2226 belli
353 2178 473 2243 ignarus,
484 2182 623 2246 conseptis
632 2182 718 2250 signis
727 2181 900 2249 vexillisque,

94 2258 188 2305 ruere,
202 2247 232 2293 et
240 2244 369 2295 retinenti
380 2244 452 2297 Duci
460 2248 518 2298 tela
526 2248 675 2313 intentare,
688 2253 794 2317 spretis·
801 2251 900 2302 Centu-

94 2312 219 2366 rionibus
230 2312 441 2380 Tribunisque3'·
453 2317 519 2383 quin
531 2318 726 2384 proditionem,
744 2328 771 2372 et
781 2319 900 2373 ardtrun

96 2378 257 2444 Caecinmn,
274 2381 462 2433 clamitabant
497 2386 543 2435 Fit
555 2390 722 2441 temeritatis
733 2389 841 2443 alienae
856 2404 901 2440 oo·

95 2468 155 2507 ores
170 2450 321 2519 Spurinna,
339 2454 428 2518 primo
446 2460 571 2518 cosmus,
589 2471 654 2509 mox
668 2459 740 2511 velle
755 2459 899 2521 simulans,

96 2537 151 2592 quo
161 2521 224 2589 plus
234 2522 409 2573 auctoritatis
418 2524 522 2575 inesset
531 2526 664 2591 consiliis,
678 2528 702 2578 si
712 2526 813 2581 seditio
823 2526 901 2579 mite-

95 2596 194 2645 sceret.
692 2607 695 2613 ’

88 2721 90 2725 ,
149 2660 224 2715 XIX,
261 2656 412 2730 Postquam
426 2661 454 2713 in
469 2668 621 2737 conspectu
635 2663 728 2719 Padus
741 2654 771 2720 et
784 2680 839 2719 nox
853 2667 890 2721 aa
965 2661 966 2664 ’

585 2817 592 2824 1
626 2735 695 2813 ’,Μ
