2034 3025
66 102 232 162 muxrr.
251 99 464 156 GAPAE-dd.
483 97 640 167 [mutos.
656 99 795 169 s.c.52.]
812 101 866 155 265

67 215 153 280 pinne
164 206 249 258 minis
259 203 348 270 magis
363 218 445 270 quam
455 203 584 269 precibus
595 209 719 256 mutatus
730 213 816 268 esset,
833 213 868 259 ut

67 274 226 332 nouisatori
246 287 319 339 aqua
332 277 416 340 utque
428 273 495 339 igne
509 271 701 324 interdiceret.
730 271 866 333 haetenus

66 345 201 403 Vitellius
211 341 347 391 rohrerat.

118 411 220 464 xLln.
237 409 330 460 Multa
340 423 374 460 eo
384 406 599 475 annoprodtgia
610 420 739 460 evenere.
774 407 865 460 inses-

65 498 128 537 sum
139 479 209 530 diris
220 478 317 528 avibus
327 477 502 544 capitoliumr
520 477 626 528 crebris
637 476 865 529 terraemotibus

64 551 201 620 prorutae
212 547 323 597 domus:
342 561 384 608 ao,
398 544 464 596 dum
477 545 565 597 letius
577 547 724 608 metuitur,
744 544 867 611 trepida·

64 622 146 672 tione
156 615 244 682 vulgi,
252 611 391 664 invalidus
402 613 520 731 quisgue
531 614 640 666 obtriti.
663 613 787 682 Frugunr
798 628 866 682 quo·
878 610 882 617 ’

64 703 124 756 qne
132 689 256 751 egestas,
266 687 298 733 et
307 687 372 733 orta
381 696 416 733 ex
427 695 461 732 eo
485 697 572 745 ames,
587 683 617 732 in
627 683 786 751 prodigium
796 682 866 734 aoei-

62 754 207 825 piebatur.
248 750 307 802 Nee
325 750 426 802 occulti
446 755 555 802 tautum
575 757 705 819 questus,
733 751 784 803 sed
803 751 866 802 iura

62 823 233 879 reddentem
245 818 392 881 Claudiurn
407 819 609 870 circumvasere
623 820 791 872 clamoribus
807 825 865 872 tur·

60 892 152 953 hidis,
170 885 336 955 §uisumque
347 888 375 937 in
387 893 542 940 extremum
558 887 615 939 fori
629 889 774 955 partemri
783 903 865 956 urge·

60 961 145 1020 bant,
160 956 380 1008 doneemilitum
394 955 477 1022 globo
488 955 615 1008 infensos
625 960 760 1025 perrupit·
779 957 864 1018 erin·

63 1028 157 1080 decim
168 1025 275 1076 dierum
286 1023 421 1076 elimenta
429 1025 504 1083 urbi,
522 1040 579 1076 non
590 1025 718 1091 omnlino,
736 1024 865 1090 superiu-

6 1116 9 1122 ι
62 1100 125 1154 ioue
137 1093 273 1145 constitit.
301 1104 458 1156 magnoque
468 1089 561 1140 Deum
570 1090 757 1158 benignitate,
769 1099 798 1143 et
807 1108 865 1144 mo·

64 1158 287 1221 nostiahiemin
305 1159 389 1210 rebus
400 1159 536 1209 extremis
546 1159 722 1212 subventum.
756 1160 866 1213 Ather-

65 1232 130 1284 cule
140 1229 207 1281 olim
218 1242 253 1279 ex
263 1227 347 1278 ltalia
360 1226 520 1294 legionibus
534 1226 703 1296 longinquas
713 1231 742 1279 in
753 1233 865 1297 provin-

66 1301 125 1352 oiao
132 1301 303 1349 commeatus
309 1297 512 1363 portabantur3
522 1311 573 1347 nee
583 1312 655 1347 nune
660 1297 865 1350 infecunditate

61 1368 223 1440 laboratur:
241 1362 424 1416 scothicam
438 1365 533 1430 potius
544 1372 573 1417 et
584 1365 742 1432 Aegyptum
753 1381 866 1418 exerce·

63 1449 138 1498 mus,
153 1433 325 1503 naribusque
337 1437 366 1486 et
376 1433 487 1486 curibus
497 1434 558 1484 ritu
566 1431 665 1500 Populi
675 1433 793 1486 Romani
802 1447 866 1502 per·

64 1506 153 1561 missa
167 1509 219 1555 est

118 1571 216 1625 XLIV.
234 1570 341 1624 Eodem
351 1584 424 1623 anno
434 1568 550 1634 bobum,
564 1570 640 1622 inter
649 1571 795 1624 Armenios
806 1570 866 1623 lbe-

65 1656 170 1709 rosque
191 1645 329 1703 exortum,
348 1636 461 1692 Parthis
481 1653 593 1708 quoque
607 1653 640 1690 ue
653 1640 786 1691 Rbmauis
805 1652 867 1706 gra·

64 1712 245 1761 vissimorurn
266 1711 343 1759 iuter
362 1723 393 1759 se
412 1713 539 1760 motuum
561 1723 661 1761 cauam
678 1707 742 1761 not.
763 1707 867 1767 ‘Genti

65 1776 236 1841 Parthorum
244 1776 401 1841 Vologeses
411 1776 603 1841 imperitabat,
617 1781 747 1827 materna
755 1777 866 1843 origine

64 1846 212 1912 expellite
223 1841 347 1905 Graeca,
365 1857 499 1897 concessu
514 1842 644 1908 fratrum,
665 1846 792 1911 Regnum
802 1844 868 1896 ade·

61 1920 144 1983 ptus:
163 1913 259 1965 iberos
269 1910 482 1975 Pharasmanes,
491 1917 606 1964 vetusta
614 1915 867 1980 possessionerhr·

61 1982 176 2035 menios
186 1979 276 2033 frater
286 1980 347 2033 eius
358 1979 539 2033 Mithridates
550 1982 696 2034 obtinebat
707 1997 723 2033 o
744 1983 806 2034 ibus
816 1998 866 2035 uo·

62 2050 145 2103 stris.
164 2050 233 2103 Erat
243 2048 425 2101 Pharasmani
434 2048 521 2113 tilius,
532 2051 645 2102 nomine
657 2050 717 2103 Rha
736 2054 866 2116 amiotus,

63 2120 171 2175 deeora
184 2119 368 2184 prooeritate‚
383 2120 413 2168 vi
426 2118 553 2185 eorporis
563 2119 695 2187 insignis,
714 2125 744 2172 et
757 2122 866 2187 patrias

56 2190 144 2238 artes
156 2186 281 2251 edoctus,
296 2187 425 2253 claraque
436 2187 512 2238 iuter
522 2187 630 2239 adcolas
640 2188 724 2241 fama.
759 2190 797 2251 lu,
813 2204 867 2239 mo·

64 2254 154 2307 dirum
169 2254 274 2307 iberiae
283 2253 409 2323 Regnum
422 2263 529 2308 senecta
539 2256 632 2324 patris
646 2255 775 2321 detineri,
793 2256 867 2308 fero·

58 2324 126 2376 cius
134 2324 318 2391 crebriorque
329 2322 462 2385 iactabat,
473 2338 556 2391 quam
566 2331 598 2378 ut
609 2326 766 2392 cupidinem
777 2324 867 2377 orrui-

63 2396 150 2443 taret.
164 2392 258 2459 igitur
268 2390 471 2459 Pharasmanes
481 2394 610 2446 iuvenem
621 2396 766 2461 potentiae
775 2394 868 2461 prom·

64 2466 149 2527 ptae,
166 2466 196 2511 et
206 2462 300 2513 studio
314 2460 491 2527 popularium
501 2465 669 2525 accinctum„
682 2464 867 2531 vergentibus

64 2530 122 2579 iarn
133 2530 216 2581 annin
227 2530 285 2579 suis
296 2535 442 2593 metuens,
459 2528 542 2581 aliam
554 2528 591 2583 ad
602 2545 681 2597 rpem
691 2532 819 2596 trahere,
838 2536 869 2579 et

65 2594 224 2651 ommno
242 2601 402 2663 ostentare,
412 2597 505 2671 pulsis
515 2597 632 2658 Parthis
642 2598 743 2652 ,datam
757 2595 867 2651 Mithri-
929 2617 935 2621 ·
