2034 3025
182 99 234 191 ue
300 131 525 190 nunnurvn
545 130 699 201 muns.
717 128 854 197 sons]

105 337 110 343 =
181 313 291 363 acriora
304 326 338 363 ex
353 326 386 363 eo
401 310 498 372 vincla,
517 311 597 361 inditi
612 308 749 371 custodes,
770 314 799 360 et
811 307 874 375 lege
890 308 979 375 Papia

180 380 309 445 Poppaea
324 380 452 445 praemiis
467 378 587 440 inducti,
606 383 646 440 ut,
664 378 873 444 siaprivilegiis
883 382 978 442 paren·

180 456 241 499 tum
251 455 415 510 cessaretur,
424 448 500 498 velut
509 460 608 512 parens
619 446 741 498 omniurn
751 445 871 512 Populus
881 458 979 495 vacan-

107 520 113 527 '
181 517 221 570 tia
229 521 345 567 teneret.
355 515 498 572 sedaltius
508 515 704 581 penetrabant3
715 514 875 581 urbemque,
886 517 915 564 et
923 514 978 563 lta-

180 584 260 646 liam,
279 590 309 636 et
318 586 391 652 quod
401 598 515 651 usquam
525 584 639 646 civium,
659 584 862 648 corripuerant:
880 581 980 632 multo·

141 680 152 719 ς
179 668 296 718 rumque
307 654 392 703 excisi
407 658 509 703 status:
529 656 559 703 et
572 657 665 703 terror
685 652 811 703 omnibus
826 650 981 703 intentaba-

96 724 99 727 ⁴
180 727 243 783 tur,
261 723 289 771 ni
299 722 426 773 Tiberius
436 720 583 772 statuendo
594 719 724 781 remedio,
746 719 866 786 quinque
877 719 982 769 Consu-

180 789 292 851 larium,
303 792 448 858 quinquae
458 788 624 852 Praetoriis,
638 790 753 839 totidem
766 801 781 838 e
792 792 885 839 cetero
896 786 982 838 Sena·

182 864 214 908 tu
227 864 303 909 sorte
318 858 455 920 duxisset,
473 858 547 924 apud
563 870 631 925 quos
641 856 761 908 exsoluti
775 855 900 923 plerique
909 855 982 923 legis

130 966 134 976 .
181 940 270 977 nexus
280 927 416 978 modicum
426 928 454 977 in
468 941 600 993 praesens
609 926 793 978 levamentum
805 923 894 976 fuere.

236 991 336 1048 XXlX·
355 994 491 1047 Paridem
501 1000 611 1061 tempus
621 992 770 1056 Neronem,
782 1008 797 1043 e
807 991 902 1045 liberis
913 991 983 1043 Ger-

183 1062 294 1125 manici,
311 1066 366 1114 iam
377 1066 533 1130 ingressum
544 1066 698 1123 iuventam,
718 1062 920 1113 commendarit
929 1060 983 1112 Pa·

76 1193 79 1198 ¹
182 1132 284 1194 tribus,
303 1137 388 1199 utque
397 1147 505 1183 munere
515 1130 668 1198 capessendi
682 1127 894 1199 Vigintieiratus
903 1130 984 1181 soloe·

184 1209 271 1263 retur,
282 1209 309 1252 et
314 1200 492 1267 quinquennio
502 1199 645 1262 neoterius,
655 1213 733 1266 quem
741 1199 882 1266 perleges,
895 1196 984 1260 Quae-

183 1278 289 1321 sturam
303 1276 423 1335 peteret,
442 1284 498 1321 non
510 1270 570 1319 sine
584 1270 671 1323 inrisu
682 1265 849 1318 audientium
859 1264 984 1333 postula·

183 1340 235 1388 vit:
251 1336 457 1403 praetendebat,
475 1336 528 1388 sibi
546 1345 628 1403 etque
640 1335 735 1406 fratri
754 1335 861 1387 decreta
881 1334 983 1397 eedem,

182 1413 292 1474 petente
303 1401 444 1473 Augusto·'
462 1406 512 1458 sed
523 1420 611 1473 neque
621 1410 680 1456 tum
693 1403 778 1455 fuisse
790 1404 982 1467 dubitaverim,

184 1478 230 1543 qui
242 1475 375 1527 eiusmodi
385 1490 479 1542 preces
490 1474 591 1527 occulti
602 1472 769 1525 inluderent.
786 1486 819 1524 ac
829 1479 921 1524 tamen
933 1472 984 1523 ini-

145 1579 149 1583 ·
184 1547 225 1596 tia
235 1544 336 1612 fastigii
347 1546 508 1598 Caesaribus
522 1549 613 1597 erant:
633 1544 776 1609 magisque
792 1543 821 1591 in
836 1541 924 1604 oculis
938 1557 984 1593 ve·

185 1622 230 1664 tus
240 1621 300 1664 mos
305 1649 313 1677 ,
334 1619 362 1665 et
377 1616 507 1680 privignis
522 1628 584 1664 cum
594 1613 689 1663 vitrico
701 1611 788 1662 levior
799 1609 983 1686 necessitpda

185 1697 266 1748 quam
278 1696 329 1732 avo
340 1683 485 1734 adversum
495 1686 633 1748 nepotem.
661 1679 780 1731 Additur
790 1678 982 1740 Pontificatus,

185 1755 223 1810 et,
233 1763 287 1814 quo
299 1751 418 1814 primum
428 1751 474 1801 die
484 1749 575 1800 iorum
585 1751 725 1815 ingressus
736 1752 793 1810 est,
810 1748 982 1814 congiarium

149 1868 152 1871 .
184 1817 269 1882 plebi,
278 1817 426 1868 admodum
435 1817 535 1878 laetae,
551 1817 624 1886 quod
635 1816 793 1868 Germanici
803 1818 916 1881 stirpem
926 1817 981 1864 iam

134 1892 140 1898 “
185 1886 316 1952 puberem
327 1885 503 1952 adspiciebat.
538 1887 655 1938 suetum
666 1884 765 1937 dehinc
775 1883 916 1950 gaudium,
934 1898 984 1934 nu·

185 1956 249 2019 ptiis
259 1952 376 2004 Neronis
392 1955 531 2017 etluliae,
550 1953 634 2004 Drusi
649 1953 730 2005 tiliae.
767 1954 858 2020 thue
868 1951 989 2004 haecse-

184 2023 274 2073 cundo
286 2035 406 2077 rumore,
418 2023 459 2073 ita
476 2022 598 2074 adversis
617 2023 715 2073 animis
736 2025 892 2086 acceptum,
910 2020 985 2088 quod

187 2090 244 2142 lilio
255 2089 362 2140 Claudii
371 2105 449 2143 socer
459 2089 574 2142 Seianus
585 2089 779 2142 destinaretur.
793 2089 927 2155 polluisse
937 2104 986 2140 no·

185 2158 321 2220 bilitatem
339 2156 460 2212 familiae
479 2158 638 2219 ridebatur,
658 2163 869 2228 suspectumque
879 2159 934 2209 iam
946 2159 986 2209 ni·

124 2262 126 2269 ,
186 2229 258 2277 miae
268 2227 326 2292 spei
337 2225 465 2281 Seianum
476 2228 551 2281 ultra
561 2227 701 2280 extulisse.

238 2293 326 2347 XXX.
344 2295 413 2348 Fine
423 2300 488 2349 anni
498 2311 657 2351 concessere
667 2297 723 2348 vita
732 2293 853 2361 insignes
865 2295 916 2345 viri
922 2328 931 2356 ,
951 2293 984 2344 L.

186 2363 328 2427 Volusius,
339 2370 367 2418 et
375 2363 525 2419 Sallustius
536 2361 657 2434 Crispus.
692 2363 806 2415 Volusio
817 2369 896 2414 vetus
907 2361 987 2413 senri-

185 2432 233 2494 lia,
251 2448 339 2498 neque
353 2434 618 2486 tamenPraeturam
636 2446 759 2502 egressa:
780 2435 837 2498 ipse
853 2431 987 2482 Consula-

185 2506 244 2551 tum
255 2501 363 2565 intulit,
382 2502 514 2557 censoria
525 2503 607 2553 etiam
617 2507 755 2569 potestate
766 2500 891 2568 legendis
903 2501 988 2566 Equi·

187 2574 245 2622 tum
255 2565 376 2622 decuriis
393 2570 515 2634 fundus,
535 2585 687 2638 opumque,
705 2572 766 2638 quis
777 2569 875 2620 domus
886 2567 935 2617 illa
947 2569 987 2618 in·

185 2652 310 2694 mensum
322 2641 418 2716 viguit,
428 2643 533 2709 primus
543 2637 741 2693 adcumulator.
753 2639 887 2708 crispum,
895 2637 986 2704 Eque·
