2034 3025
164 144 245 201 ΜΒ.
260 145 282 200 i.
297 146 384 200 cAP.
398 145 506 200 iti-18.
527 146 807 216 [A.v.82n.A.c.7o.]
856 145 887 201 13

82 272 126 317 ne,
143 253 191 305 :ed
198 269 248 304 :ua
258 251 415 315 inmanitas,
424 268 474 304 :ua
484 251 606 316 luxuria,
616 251 764 303 ceruicibus
771 252 887 320 publici:

82 323 220 391 deperiere:
237 339 321 442 nepae
334 330 397 373 erot
409 321 497 374 adbuc
513 320 635 373 damnati
649 320 789 388 Principis
802 339 887 374 exent-

78 393 163 461 pium.
199 389 256 442 No:
283 393 332 443 elbo
343 399 375 461 pt
384 391 418 442 ab
432 389 637 442 aestimantibus
647 389 760 454 adsciti,
778 407 837 442 eum
847 391 886 444 in·

79 460 168 523 ridie,
187 459 306 528 quamoie
321 458 443 529 egregii,
461 459 570 511 erimus.
606 457 649 511 Ne
665 467 755 512 tamen
768 460 885 513 territus

75 529 177 602 fuerit,
188 529 291 581 uiduae
302 531 326 581 be
351 528 418 581 'onee
428 529 457 582 in
467 527 515 580 boe
526 528 647 581 concussi
657 528 729 580 orbi:
738 538 812 581 motu
822 548 886 584 non·

75 601 142 668 ,dum
153 598 300 667 quiescunt.
349 597 429 666 eipse
438 598 544 667 quidem
554 599 591 651 ad
599 615 707 651 securae
718 615 760 651 ret
771 600 885 653 neceni:

79 675 117 731 et,
133 667 231 720 audita
241 668 391 735 adoptione,
403 668 520 721 desinam
529 667 615 720 rideri
624 685 704 721 tenen
711 685 723 729 ;
735 671 807 737 quod
814 686 885 724 nune

78 735 147 790 mibi
160 753 243 789 umam
260 737 396 789 obiicitur.
432 736 508 791 Nero
522 738 660 806 apertineo
670 754 772 808 qnoque
782 754 885 823 temper

79 804 292 860 desiderabitur:
310 805 377 859 mibi
386 823 420 859 ae
429 807 481 859 tibi
487 807 681 875 providendum
692 818 740 872 eet,
758 827 790 862 ne
801 821 885 863 ettam

78 891 97 928 a
107 874 182 928 boni:
193 875 366 945 desideretur.
403 875 515 929 Monere
530 877 645 941 diutius,
663 895 746 947 neque
756 879 885 949 temporit

78 941 160 996 buius
168 961 179 1005 ‚·
189 954 217 997 et
226 943 358 1014 inpletum
369 954 410 999 eet
420 963 495 999 omne
505 945 653 1011 consilium,
664 947 687 998 ei
697 957 724 1000 te
734 948 797 1002 bene
805 949 884 1020 elegi.

82 1011 255 1067 Vtilissimum
266 1033 299 1067 ue
307 1015 376 1068 idem
386 1031 419 1068 ae
429 1016 598 1068 brevissimus
606 1016 735 1068 bonarum
741 1021 885 1072 malarum-

77 1099 129 1156 que
138 1099 230 1136 rerunt
240 1034 357 1141 berettus
367 1092 417 1148 eet,
432 1085 565 1154 cogitare,
577 1085 642 1154 quid
650 1095 701 1138 aut
709 1087 826 1142 uoluerit
836 1088 884 1140 :ub

77 1151 134 1207 abiu
147 1152 292 1222 Principe,
310 1164 361 1207 aut
372 1154 499 1206 nolueris.
536 1151 630 1224 Neque
650 1155 720 1226 enin}
734 1155 791 1220 bie,
809 1157 885 1212 utin
932 1167 939 1174 “

62 1221 176 1277 'ceteris
186 1222 329 1293 gentibue,
352 1241 422 1293 quoe
436 1231 600 1294 regnantur,
622 1232 698 1278 certa
719 1225 884 1280 dominorum

76 1289 183 1367 iones,
201 1301 230 1344 et
242 1292 326 1346 ceteri
335 1293 421 1346 terri:
440 1293 487 1345 ted
494 1295 679 1362 imperaturo:
689 1311 716 1346 e:
726 1293 885 1360 bominibus,

77 1361 446 1431 quiaeetotamseroitutem
492 1363 884 1430 tipottunt,neototomtiber-

77 1438 171 1484 tatem.
189 1431 441 1500 EtGelbequidem
470 1432 884 1503 aeeeotalia,tamquemPrin·
924 1443 934 1466 ·

77 1499 883 1572 eipemfaceret3cete1itamquemcumiaetoloquebantur.

128 1569 215 1625 xvii.
249 1572 394 1637 Pisonem,
413 1570 522 1636 ierunt,
540 1572 635 1623 statim
651 1572 836 1636 intuentibus,
854 1578 885 1625 et

76 1652 144 1696 mox
153 1642 286 1694 coniectis
295 1642 324 1693 in
335 1656 397 1694 eum
409 1641 531 1692 omnium
543 1641 641 1704 oeulis,
658 1641 766 1692 nullum
777 1643 885 1695 turbati

77 1715 127 1764 aut
137 1711 304 1763 exsultantis
315 1711 399 1763 enimi
410 1715 515 1762 motum
528 1710 692 1779 prodidisse.
708 1710 805 1764 Sermo
817 1726 885 1780 erga

77 1783 185 1847 patrem
195 1784 450 1849 imperatoremque
464 1795 603 1844 reverens,
624 1780 658 1833 de
669 1796 698 1832 se
709 1782 884 1845 moderatus:

76 1848 147 1901 nihil
163 1849 191 1900 in
207 1851 286 1902 vultu
304 1848 455 1918 habituque
469 1855 621 1919 mutatum:
651 1853 727 1917 quasi
744 1853 883 1918 imperare

75 1924 172 1988 posset
187 1922 290 1988 magis,
309 1919 494 1987 quameeliet.
531 1920 723 1970 consultatum
734 1922 813 1985 inde,
829 1936 882 1990 pro

76 1986 189 2051 nostrie,
209 2005 245 2041 on
254 1988 285 2042 in
296 1988 413 2053 Senatu,
432 2006 468 2043 on
478 1989 507 2041 in
517 1989 617 2041 castri:
628 1989 678 2042 odo
696 1990 737 2042 tio
747 2006 884 2061 nuncupa·
910 2050 922 2060 ,

76 2065 164 2110 retur.
199 2056 243 2109 iri
253 2058 284 2111 in
299 2068 407 2123 eastra,
424 2059 542 2126 placuit:
562 2006 738 2128 bonorissum
752 2060 783 2112 id
790 2060 884 2113 mititi-

77 2126 126 2181 but
139 2125 231 2198 sore,
243 2143 356 2195 quorum
367 2130 507 2201 sanorem,
526 2138 558 2181 ut
574 2127 722 2196 largitione
737 2138 766 2183 et
778 2130 884 2183 antbittt

77 2196 148 2248 maie
163 2196 286 2264 adquiri,
302 2198 345 2249 ito
358 2214 410 2267 per
424 2197 506 2250 bonor
524 2202 598 2251 artes
613 2198 687 2249 baud
699 2200 883 2268 :pernentiunu

77 2264 306 2320 circumsteterat
315 2269 427 2319 interim
437 2267 570 2333 palatium
584 2268 692 2335 publiea
703 2269 884 2334 exspectatio,

75 2336 171 2405 magni
187 2338 288 2407 secreti
303 2337 454 2403 inpatiens:
479 2342 509 2390 et
525 2338 597 2391 maie
611 2340 761 2391 coercitam
778 2336 883 2388 tamam

75 2406 279 2472 supprimentes
288 2406 434 2472 augebant.

128 2472 230 2527 xviii.
266 2470 401 2537 Quietum
412 2472 477 2525 idus
487 2474 642 2537 ianuarias,
660 2472 773 2527 foedum
789 2474 884 2527 imitri·

73 2541 128 2594 bus
138 2542 221 2605 diem,
230 2542 356 2593 tonitruo
366 2546 395 2594 et
405 2540 521 2611 fulgura
532 2550 559 2595 et
571 2544 704 2596 caelestes
711 2544 884 2597 minseuitre

75 2610 189 2662 solitum
204 2611 392 2663 turbaverant„
427 2612 610 2666 Observatum
627 2613 655 2663 id
670 2614 823 2679 antiquitus
838 2628 884 2665 co·

75 2680 163 2733 mitiis
178 2680 340 2737 dirimentis
353 2697 409 2735 uon
417 2683 527 2737 terruit
538 2681 668 2745 Galbam,
686 2696 740 2759 quo
750 2683 841 2735 minus
851 2683 882 2734 iu
