2034 3025
41 185 43 192 ,
95 194 99 198 ,
155 149 208 207 nm
291 150 850 228 auusmvnrs.r.300.n.c.47.]

156 272 237 314 suam
246 255 352 310 Valerii
363 264 392 310 et
400 258 549 325 Poppaeae
560 230 973 333 congressam-ficetum

155 325 261 380 Verum
273 335 424 380 noeturnae
434 327 535 396 quietis
550 327 651 395 species
664 329 747 382 alteri
763 331 884 395 obieeta,
902 340 974 384 tane·

155 410 237 464 quam
247 396 359 449 vidisset
366 394 510 449 Claudiam
521 397 612 464 spicea
623 414 722 451 emona
733 398 877 463 evinctum,
887 400 974 468 epicis

156 476 232 520 retro
246 465 395 520 conversis:
418 481 502 532 eaque
520 466 641 534 imagine
656 468 826 536 gravitatem
845 485 971 524 annonae

156 536 278 588 dixisset.
315 535 436 598 Quidam
443 535 618 603 parrepineam
628 552 756 589 coronam
766 537 917 591 albentibus
922 541 960 609 fa

155 605 201 658 tite
212 604 304 668 airam,
323 613 405 673 alque
414 604 457 656 ita
466 603 688 671 interpretatam,
697 606 850 669 tradidere,
859 624 969 678 vergea·

156 684 183 726 te
195 683 324 726 antamao
336 682 449 726 neortem
459 673 600 741 Principis
611 674 721 728 ostendi.
743 675 816 726 lllud
827 675 902 728 haud
912 693 970 729 am·

154 743 274 810 bigitur,
294 740 488 810 qualicumque
502 745 640 796 insomnio
653 746 706 812 ipsi
722 743 859 812 fratrique
878 749 971 813 peruia

156 815 228 863 ciem
249 812 381 863 adlatam.
417 811 583 864 Sestertium
604 814 776 880 quindecies,
798 820 827 865 et
847 817 969 884 insignia

156 881 311 934 Praeturae
323 882 449 950 Crispino
461 882 583 935 decreta.
606 884 715 936 Adiecit
725 883 858 934 Vitellius
867 889 969 938 sester-

155 952 227 1002 tium
248 947 341 1003 decies
361 949 487 1014 Sosibi03
507 952 579 1018 qaod
591 950 787 1006 Britannicam
801 954 969 1020 praeceptis,

100 1052 102 1056 -
157 1017 303 1072 Claudium
317 1020 447 1086 consiliis,
466 1020 585 1073 innaret.
623 1024 748 1089 Rogatus
759 1025 927 1074 sententiam
936 1030 967 1075 et

155 1087 261 1157 Scipio:
281 1105 342 1144 eam
355 1091 439 1156 idem,
456 1091 560 1158 inquit,
580 1091 611 1142 de
621 1091 746 1144 admissis
756 1090 901 1157 Poppaeae
911 1107 967 1144 een·

154 1158 233 1224 tiam,
244 1159 315 1226 qaod
323 1177 420 1224 omnes,
428 1168 538 1228 putate,
548 1177 588 1212 me
598 1159 668 1213 idem
678 1161 774 1224 dicere,
785 1160 856 1227 qnod
864 1176 967 1213 omnes.-

155 1227 279 1296 eleganti
289 1237 509 1298 temperamenta
520 1233 594 1283 inter
604 1230 777 1300 coniugalem
787 1235 968 1293 amorem,‘et

155 1297 331 1355 Senatoriam
342 1302 544 1353 necessitatem.
830 1337 834 1348 .

215 1369 251 1422 V.
270 1371 425 1422 Continuus
436 1371 501 1422 inde
513 1377 542 1422 et
556 1387 654 1422 saevus
665 1369 828 1422 accusandis
838 1370 895 1423 reis
905 1366 967 1421 Sui·

153 1439 222 1502 lius,
239 1440 376 1508 multique
386 1440 519 1492 audaciae
529 1441 588 1493 eius
604 1440 715 1492 aemuli.
744 1453 808 1489 nam
820 1436 967 1489 eunctale·

153 1525 219 1578 gum
238 1515 266 1561 et
282 1512 500 1579 Magistratnum
511 1513 606 1563 munia
620 1514 650 1563 in
665 1526 696 1563 se
706 1507 823 1563 trahens
833 1507 967 1574 Princeps

153 1580 300 1632 oratoriam
316 1580 469 1648 praedandi
479 1581 659 1648 patefecerat.
687 1578 903 1646 necquidquam
919 1592 968 1644 pu·

152 1648 244 1701 blicae
265 1652 365 1701 mercis
385 1656 443 1702 tam
461 1650 561 1704 venale
582 1650 643 1712 init,
664 1665 745 1716 quam
767 1648 969 1699 advocatorum

153 1720 283 1787 perfidia:
303 1720 383 1783 adeo,
393 1725 434 1771 ‘ut
451 1718 569 1781 Samius,
586 1720 702 1783 insignis
712 1720 805 1784 Eques
815 1718 968 1779 Romanus,

155 1788 367 1855 quadringentis
387 1802 562 1842 nummorum
583 1787 705 1837 millibus
725 1785 814 1835 Suilio
830 1783 918 1846 datis,
938 1792 969 1839 et

156 1859 269 1924 cognita
277 1859 527 1925 praevaricatione,
547 1854 621 1907 ferro
633 1856 660 1904 in
672 1854 755 1905 domo
767 1854 825 1903 eius
835 1853 967 1909 incubue-

153 1927 201 1978 rit.
237 1928 335 1995 Igitur,
354 1928 505 1993 incipiente
523 1925 551 1975 C.
568 1921 648 1985 Silio,
668 1922 788 1973 Consule
807 1920 967 1989 designato,

139 1997 235 2047 cuius
254 1997 288 2047 de
307 1997 433 2063 potentia
451 1999 480 2046 et
499 1993 585 2046 exitio
604 1994 633 2043 in
651 1999 777 2059 tempore
792 1993 967 2056 memorabo,

143 2071 327 2133 ¹consurgunt
337 2063 445 2127 Patres,
455 2063 601 2131 legemque
613 2063 736 2115 Cinciam
747 2060 890 2130 flagitant:
909 2077 968 2131 que

155 2140 269 2185 cavetur
280 2134 443 2200 antiquitus,
458 2150 491 2185 ne
503 2132 573 2198 quie,
589 2131 620 2185 od
632 2146 755 2185 caussam
765 2132 905 2197 orandam,
918 2149 967 2202 pe·

91 2236 93 2241 ·
155 2202 263 2259 cuniam
274 2201 539 2269 doaamaeaeeipiat.

59 2332 61 2335 ,
215 2272 261 2325 Vl.
277 2270 410 2336 ¹Deinde,
426 2273 650 2339 obstrepentibus
665 2272 721 2334 his,
737 2273 837 2340 quihus
851 2286 886 2323 ea
901 2286 967 2324 con·

37 2374 42 2381 ·
68 2400 74 2410 ,
153 2342 272 2397 tumelia
287 2345 455 2410 parabatur,
475 2342 580 2395 discors
600 2342 688 2394 Suilio
708 2341 794 2393 Silius
808 2343 911 2393 acriter
925 2344 966 2394 in·

155 2412 264 2476 cubuit,
284 2421 557 2466 veteramoratoram
568 2410 839 2481 exemplariorum,
858 2409 967 2484 quisse·
1009 2458 1013 2464 .

154 2482 425 2551 nuncupatem,
440 2482 567 2551 praemia
587 2481 753 2550 eloquentiae
771 2479 967 2550 cagitaoietent

152 2550 346 2620 pulcherrima.
367 2553 487 2622 alioquin
503 2562 531 2605 et
546 2552 677 2606 bonarum
695 2551 798 2604 aetiam
812 2548 967 2619 principem

155 2622 272 2676 sordidis
281 2623 441 2677 ministeriis
447 2620 571 2697 foedari.
581 2623 703 2693 nefldem
714 2620 818 2689 quidem
827 2619 968 2689 integram

157 2708 274 2759 mamre,
290 2693 336 2747 ali
345 2692 508 2769 rnagoitaelo
518 2702 679 2764 quaestuum
688 2698 833 2760 spectetur.
861 2691 935 2760 qaod
943 2688 967 2744 υ·
