2034 3025
227 124 284 176 na
302 125 525 185 acaunum
544 129 630 187 cnr.
647 90 780 197 tata,
834 135 887 190 zoa

87 234 187 286 formas
199 243 330 299 aprorum
342 239 464 300 gestant.
501 233 533 285 id
544 251 596 303 pro
605 241 692 290 aruris
704 242 780 290 omni
800 257 836 293 ue
847 248 886 292 tu·
948 295 956 303 ‚

87 305 152 355 tela:
180 316 309 354 securum
330 300 567 356 Deae’cultorem
587 308 675 358 etiarn
694 255 886 360 interdiustes

86 377 216 438 praestat.
253 370 342 422 Rarus
353 371 432 435 ferri,
442 371 577 440 frequens
588 373 705 428 fustium
715 391 792 428 usus.
819 378 885 430 Fru-

86 445 177 492 menta
188 442 355 508 ceterosque
366 439 475 493 fructus
485 445 651 509 patientius,
667 461 749 514 quarn
760 461 811 512 pro
821 440 885 498 soli?
897 492 901 495 .

86 510 320 561 taGcrmauorum
331 511 446 573 inertia,
456 507 596 564 laborant.
614 511 712 566 Sedet
723 529 801 567 mare
811 530 884 566 scru-

85 583 185 639 tantur,
206 592 238 628 ac
247 577 301 629 soli
312 577 437 630 omnium
448 583 605 645 succinum,
624 581 700 650 quod
710 583 763 650 ipsi
777 585 884 637 Giesurn

45 693 47 702 ,
84 653 190 709 nocant,
200 647 276 697 iuter
285 647 356 698 vada
366 655 451 716 atque
462 649 491 699 in
504 651 565 717 ipso
576 650 661 702 litore
671 651 781 719 legunt.
817 653 884 715 Nec,

85 731 153 783 quae
165 720 276 778 natura,
286 731 392 782 quaene
404 719 476 768 ratio
488 721 598 787 gignat,
609 727 641 772 ut
651 721 789 784 barbaris,
803 737 885 789 quae·

62 813 65 818 ·
84 789 166 836 situm
186 792 401 852 compertumve.
436 787 493 839 Diu
512 791 683 854 quinetiam
697 790 776 840 inter
789 797 885 842 cetera

84 855 267 906 eiectamenta
277 855 363 907 maris
373 856 494 921 iacebat,
510 858 600 910 donec
609 857 721 910 luxuria
731 859 884 912 nostrede·

82 924 243 976 ditnomen.
261 925 331 990 ipsis
342 927 371 975 in
383 925 459 976 nullo
470 942 537 977 usu:
556 926 625 978 rude
631 928 752 994 iegitur,
761 925 884 980 informi·

81 991 232 1062 perfertur,
253 995 429 1059 pretiumque
440 995 578 1064 nnirantes
589 998 738 1062 accipiunt.
767 994 883 1048 Succunr

81 1069 173 1114 tannen
190 1062 322 1113 arborum
338 1077 401 1112 esse
415 1060 577 1127 inteiligas,
597 1065 662 1127 quia
675 1068 884 1131 terrenaquae-
926 1074 951 1116 ’,

80 1131 142 1182 dam
153 1136 236 1194 atquc
248 1131 332 1179 etiam
343 1129 468 1180 volucria
478 1131 612 1180 animalia
622 1131 787 1200 plerumque
798 1133 883 1184 inter-
955 1159 958 1162 ⁴

80 1199 183 1261 lucent,
196 1198 268 1266 quae
278 1196 414 1264 inplicata
423 1191 551 1263 humore,
565 1213 639 1261 mon,
649 1198 818 1252 durescente
827 1205 884 1252 ura·

79 1269 168 1330 teria,
188 1267 347 1319 cluduntur.
383 1263 560 1337 Fecundiora
571 1269 659 1334 igitur
669 1280 786 1325 nemora
795 1269 883 1321 lucos-

78 1352 142 1405 quc,
162 1338 236 1389 sicut
246 1337 373 1388 Orientis
389 1337 522 1398 secretis,
542 1337 590 1386 ubi
605 1335 689 1386 thura
702 1337 882 1404 balsamaque
941 1377 945 1383 .

77 1405 228 1467 sudantur,
256 1406 300 1455 ita
318 1403 477 1464 Occidentis
497 1404 597 1454 insulis
616 1406 758 1473 terrisque
777 1407 882 1469 inesse,

76 1473 256 1536 crediderim3
275 1487 346 1540 quae
363 1472 446 1523 vicini
463 1472 533 1524 solis
548 1472 882 1543 radiisex'pressaatque

74 1544 214 1609 liquentia
228 1543 256 1591 in
274 1542 430 1609 proximum
441 1556 519 1594 mare
533 1542 681 1606 labuntur,
700 1544 768 1596 acri
778 1550 881 1611 tempe·
920 1586 924 1592 .

75 1616 180 1663 statum
191 1612 221 1661 in
232 1610 350 1662 adversa
364 1610 448 1660 litora
458 1610 610 1661 exundant.
638 1610 668 1662 Si
679 1616 809 1664 naturam
821 1628 880 1665 suc

74 1681 131 1732 cini
143 1679 334 1746 admotoigne
344 1683 449 1741 tentes,
458 1678 607 1731 inmodum
616 1680 699 1731 tedae
708 1680 881 1746 accenditur,
944 1717 945 1720 κ

75 1750 183 1816 alitque
195 1748 334 1799 flammam
344 1749 479 1815 pinguem
489 1753 519 1798 et
529 1748 665 1800 olentem:
682 1764 749 1801 mox
758 1755 791 1801 ut
800 1751 881 1817 inpi-

75 1834 137 1871 cem
148 1818 304 1869 resinamve
313 1816 456 1868 lentescit.
477 1814 629 1869 Suionibus
640 1816 768 1869 Sitonum
779 1826 880 1887 gentes

75 1888 287 1939 continuentur.
324 1886 426 1937 Cetera
436 1885 555 1948 similes,
574 1885 786 1951 unodifferunt‚
806 1886 898 1954 quod·

73 1956 182 2007 femina
193 1956 367 2007 dominatur:
382 1954 416 2003 'in
426 1958 538 2006 tanturn
549 1969 605 2006 non
615 1956 700 2008 modu
710 1972 728 2009 a
736 1956 880 2020 libertate,

26 2066 30 2071 .
74 2024 127 2077 sed
139 2026 224 2089 etiam
235 2040 251 2076 a
261 2016 398 2077 servitute
410 2022 444 2074 de
467 2030 594 2076 onerant.

135 2094 234 2147 XLVI.
253 2037 521 2145 liicSuetiacfinis.
558 2092 744 2147 Peucinorum
753 2093 880 2147 Venedu-

73 2177 192 2229 rumque
204 2168 234 2225 et
244 2162 405 2215 Fennorum
416 2162 548 2212 nationes
559 2160 709 2228 Germanis
723 2179 759 2213 an
771 2164 878 2215 Sarnio-

70 2234 112 2287 tis
125 2232 291 2294 adscribam,
302 2230 414 2282 dubitot
426 2243 592 2297 quamquam
603 2230 729 2294 Peucini,
741 2241 811 2296 quus
822 2234 879 2295 qui-

71 2302 140 2362 dam
150 2302 305 2363 Bastarnas
316 2304 426 2361 vocant,
445 2312 586 2361 sermone,
605 2300 692 2361 cultu,
711 2299 779 2351 sede
790 2298 878 2348 aedo·

70 2372 202 2434 miciliis‚
220 2375 254 2421 ut
269 2368 403 2434 Germani
419 2370 517 2433 agunt.
535 2367 634 2419 sordes
646 2367 770 2417 omnium
781 2382 813 2417 ac
823 2373 878 2422 tor·

61 2437 127 2509 ‘por
137 2436 297 2508 procerum:
317 2433 462 2488 connubiis
474 2436 580 2499 mixtis,
590 2434 720 2487 nonnihil
728 2434 759 2484 in
770 2432 878 2486 Sarma-

69 2516 168 2561 tarum
187 2507 313 2559 habitum
333 2504 491 2557 foedantur.
527 2504 638 2557 Venedi
649 2503 766 2554 multum
777 2517 813 2555 ex
823 2519 878 2554 mu-

67 2578 152 2633 ribus
163 2580 322 2630 traxerunt.
349 2573 421 2627 Nam
432 2572 563 2641 quiequid
573 2571 798 2632 inter-‘Peucinos
809 2572 877 2622 Fen-

67 2654 181 2719 nosque
201 2648 334 2701 silvarum
353 2658 387 2697 ac
404 2644 548 2713 'montium
568 2641 702 2711 erigitur,
721 2640 876 2697 latrociniis
