2034 3025
165 103 215 164 ns
250 105 253 114 ·
286 61 843 190 rnnr'mvn[cremnon-1
941 147 942 153 Ν
1001 167 1007 176 .

152 187 973 282 sufflo.

48 279 53 296 '
163 289 258 337 cetera
267 297 323 334 non
333 283 462 350 ambigua
472 288 552 347 sunt3
567 297 681 352 magnas
691 297 738 334 eas
748 284 840 348 copias
849 296 899 347 per
909 281 970 349 pla·

163 367 202 404 na
212 354 295 404 etiarn
307 366 338 402 ao
349 349 410 402 foro
420 353 576 419 propinqua
586 350 739 414 habitasse,
761 351 836 404 unde
850 349 969 404 Tuscum

164 421 261 484 vicum,
282 419 628 483 evocabuloadvenarurn,
648 421 760 471 dictum.
879 468 884 472 ,

153 515 156 525 ·
217 489 316 543 LXVl.
328 487 391 552 Sed,
401 494 433 539 ut
442 489 535 540 studia
545 504 691 556 procerum
701 494 730 540 et
739 488 852 555 largitio
862 486 969 540 Princi-

72 619 76 626 ι
163 560 209 626 pis
219 559 364 610 adversum
379 573 459 609 casus
473 559 604 609 solatium
618 557 758 620 tulerant,
775 559 817 607 ita
826 561 971 608 accusato·

163 643 228 680 rum
240 628 328 678 maior
337 628 366 678 in
377 626 435 678 dies
446 631 474 679 et
483 627 884 678 infestiorrissineleramento
891 639 970 692 gras-

164 697 293 748 sabatur:
322 697 550 763 corripueratque
560 696 666 747 Varum
680 693 873 756 Quinctilium,
901 693 970 745 divi·

164 771 224 815 tem
236 769 266 814 et
276 764 388 816 Caesari
399 765 591 832 propinquum,
600 763 741 814 Domitius
750 761 825 824 Afer,
835 763 971 815 claudiae

164 830 314 896 Pulchrae,
327 835 425 884 matris
434 834 504 896 eius,
519 833 730 884 conde-nator:
750 830 829 889 nullo
839 833 971 895 mirante,

166 899 241 968 quod
256 900 303 951 diu
312 916 411 968 egeus,
439 907 468 953 et
478 907 558 966 parto
575 914 664 966 nuper
674 901 797 967 praemio
807 900 881 951 male
891 915 971 964 usus,

163 970 249 1036 pluro
267 969 303 1020 ad
326 969 432 1038 flagitia
451 970 655 1037 adcingeretur.
691 968 818 1020 Publium
837 968 978 1020 Dolabele

164 1037 222 1089 loro
233 1040 338 1094 socium
348 1033 497 1090 delationis
507 1041 658 1101 exstitisse,
671 1038 806 1089 miraculo
817 1042 886 1099 erat,
903 1041 971 1105 quia

168 1107 250 1158 eloris
261 1108 424 1170 maioribus,
445 1112 473 1158 et
482 1106 557 1158 Varo
567 1122 716 1169 connexus,
734 1121 814 1157 suam
823 1108 882 1172 ipse
893 1107 971 1157 nobi-

164 1175 291 1238 litatem,
321 1191 401 1227 suum
417 1177 578 1244 sanguinem
597 1177 735 1240 perditum
754 1176 820 1226 ibat
854 1174 972 1227 Restitit

165 1250 260 1295 tamen
272 1243 391 1296 Senatus
409 1250 438 1296 et
447 1243 636 1312 opperiendum
645 1242 840 1309 Imperatorem
849 1245 970 1296 censuit:

168 1311 243 1379 quod
252 1327 338 1364 unum
346 1314 505 1382 urgentium
515 1311 653 1364 malorum
661 1310 811 1381 suffugium
820 1313 850 1363 iu
859 1318 970 1380 tempus

167 1387 237 1435 erat.
349 1421 353 1426 .

219 1450 331 1506 vau.
359 1454 395 1505 At
414 1453 531 1517 Caesar,
561 1450 696 1504 dedicatis
720 1465 771 1519 per
791 1451 970 1519 Campaniam

131 1564 133 1569 .
167 1521 293 1589 templis,
318 1537 483 1592 quamquam
493 1523 584 1575 edicto
594 1522 760 1586 monuisset,
784 1521 973 1588 meoinquie-

167 1600 224 1643 tens
241 1590 297 1643 eius
315 1592 497 1661 inrumperet,
535 1605 739 1659 concursusque
758 1591 973 1658 oppidanorum,

168 1660 416 1727 dispositomilite,
435 1659 663 1728 prohiberentur:
683 1666 973 1727 perosustamenrnu-

168 1730 270 1795 nicipia
281 1736 309 1781 et
318 1729 442 1781 colonias
448 1764 457 1792 ‚
477 1731 624 1796 omniaque
634 1730 662 1779 in
672 1730 825 1782 continenti
833 1732 902 1793 sita,
921 1730 973 1781 Ca·

169 1812 286 1865 preesse
294 1798 323 1849 in
329 1799 448 1849 insulam
454 1798 568 1860 abdidit,
579 1799 663 1849 trium
673 1798 791 1850 millium
797 1797 872 1850 freto
882 1800 917 1849 ab
925 1813 973 1850 ex-

169 1868 266 1919 tremis
276 1866 432 1925 Surrentini
448 1868 632 1933 promontorii
646 1866 806 1921 diiuuctam.
841 1866 974 1920 Solitudi-

168 1950 232 1987 nem
244 1937 304 1987 eius
314 1936 451 2004 placuisse
462 1938 580 1988 maxime
592 1935 772 2001 crediderim,
790 1938 922 2005 quoniam
931 1938 974 1988 iu-

169 2008 332 2071 portuosum
343 2006 417 2055 circa
426 2020 519 2068 mare,
539 2010 569 2057 et
578 2008 623 2056 ris
633 2007 748 2058 modieis
758 2007 873 2074 navigiis
882 2019 975 2073 pauca

172 2072 307 2124 subsidia:
335 2088 423 2141 neque
434 2075 574 2140 adpulerit
585 2077 743 2145 quisquam,
766 2077 820 2127 nisi
829 2090 918 2144 gnaro
928 2091 975 2127 cu·

63 2154 66 2163 “
169 2141 261 2194 stode.
289 2142 359 2194 oaeli
369 2145 517 2209 temperies
528 2142 618 2196 bieme
628 2146 716 2207 mitis,
740 2146 851 2197 obiectu
860 2146 975 2207 montis,

170 2224 226 2279 quo
240 2226 323 2264 saera
337 2217 482 2264 ventorum
498 2219 641 2266 areentur:
668 2219 760 2266 aestas
774 2214 804 2265 in
818 2214 975 2266 Favonium

79 2312 81 2317 ·
171 2281 301 2343 obversa,
321 2286 350 2333 et
364 2286 461 2347 aperto
476 2284 581 2333 circum
597 2282 697 2350 pelago
712 2297 892 2348 peramoena:
912 2294 976 2349 pro·

172 2350 367 2419 spectabatque
378 2349 594 2417 pulcherrimum
603 2351 707 2414 sinum,
726 2356 876 2421 antequam
886 2352 976 2405 Vesu·

172 2420 232 2479 cius
242 2432 322 2475 mons
339 2418 486 2473 ardescens
500 2420 601 2473 faciem
618 2419 674 2471 loci
683 2424 814 2473 verteret.
851 2420 977 2473 Graecos

5 2466 12 2479 ‘
41 2462 44 2469 ⁴
81 2536 83 2542 ,
173 2490 354 2550 eatenuisse,
379 2488 558 2559 'Capreasque
572 2488 703 2540 Telebois
719 2487 871 2554 habitatas,
900 2488 977 2541 ia'ma

173 2555 268 2607 tmdit.
303 2556 360 2609 Sed
373 2562 432 2609 tum
442 2559 573 2611 Tiberius
588 2555 733 2609 duodecim
749 2559 977 2615 villarumnomi·
1015 2579 1016 2614 r

173 2624 253 2695 uibus
264 2630 294 2679 et
302 2626 422 2696 molibus
429 2628 586 2692 insederat3
597 2631 701 2693 quanto
711 2628 837 2680 intentus
847 2627 917 2681 olim
927 2642 977 2697 pu·
