2034 3025
180 135 215 187 rs
302 94 857 197 nnnnnrvn[sumasne

81 350 83 353 ,
180 304 237 349 tem
258 295 334 346 nullo
351 292 441 351 officio
458 292 598 343 coluisset.
616 306 668 341 nec
678 292 706 342 id
715 290 864 343 Archelaus
874 309 928 359 per
937 314 983 348 su.

180 365 303 433 perbism
319 366 463 424 omiserat,
482 360 533 412 sed
548 361 583 411 ab
599 361 702 411 intimis
710 361 828 426 Augusti
843 365 982 418 monitus:

181 437 258 503 quia,
279 432 436 484 fiorentec.
448 431 567 481 Caesare
582 430 720 495 missoque
736 431 772 481 ad
790 445 836 481 res
846 431 984 500 Orientis,

178 505 271 555 intuta
281 501 386 553 Tiberii
397 500 520 565 amicitis
530 497 702 550 credebatur.
730 500 778 561 vt,
794 514 873 551 verse
883 502 985 555 Caesa·

180 588 242 625 rum
253 570 357 633 sobole,
377 569 521 635 imperium
532 567 649 632 adeptus
660 572 710 630 est,
729 569 805 619 elicit
813 567 984 624 Archelaum

180 642 277 691 matris
288 639 398 699 litteris,
413 652 492 705 quae,
508 651 563 687 non
574 636 752 687 dissimulatis
762 638 810 687 filii
822 637 985 702 offensioni-

180 710 240 771 bus,
255 708 430 759 clementiam
441 705 589 767 offerebat,
603 707 627 754 si
638 706 673 755 ad
685 705 852 771 precandum
863 710 984 762 ueniret.

139 830 140 835 ,
180 778 231 829 ille
241 778 354 843 ignarus
365 775 436 837 doli,
457 774 515 838 vel,
530 776 553 824 si
565 774 720 840 intelligere
734 776 906 839 crederetur,
925 780 984 829 vim

178 849 321 909 metuens,
340 846 370 895 in
387 845 483 897 urbem
494 848 638 911 properat:
658 850 844 911 exceptusque
853 846 986 898 immitia

180 913 318 979 Principe,
338 919 366 965 et
376 928 440 964 mox
450 920 595 964 accusatus
605 913 633 960 in
644 909 763 975 Senatu3
779 926 834 987 ¹¹⁰¹!
844 914 881 964 ob
891 917 987 966 crimi-

180 997 226 1046 na,
236 998 307 1049 quae
317 982 500 1049 fingebantui,
511 982 560 1033 sed
571 994 684 1045 angore,
699 982 783 1031 simul
794 980 884 1033 fessus
893 985 987 1048 senio,

181 1060 210 1103 et
221 1052 286 1119 quia
296 1052 406 1117 regibus
416 1066 518 1117 aequa,
537 1050 637 1101 nedum
652 1050 762 1111 infime,
782 1051 897 1103 insolita
905 1059 987 1116 sunt,

129 1144 132 1157 ι
180 1122 264 1173 finem
279 1122 368 1182 vitae,
388 1126 485 1185 sponte
501 1118 622 1179 aniate,
638 1118 775 1184 implerit.
793 1122 940 1187 -Regnum
954 1123 986 1173 iu

180 1190 349 1255 provinciam
367 1188 512 1240 redactum
534 1193 591 1249 est,
607 1185 802 1256 fructibusque
819 1187 877 1241 eius
896 1189 987 1241 levari

179 1272 255 1328 posse
265 1256 422 1309 centesimae
431 1256 548 1325 vectigal
557 1264 696 1323 protessus
707 1258 817 1320 Caesar,
827 1258 987 1310 ducentesi-

181 1343 255 1381 mam
266 1330 294 1377 in
306 1332 446 1392 posterum
456 1327 562 1377 statuit,
598 1325 652 1377 P'er
666 1326 738 1377 idern
750 1331 871 1393 tempus,
889 1328 988 1379 Antio·

114 1417 118 1423 ·
182 1395 234 1447 cho
246 1397 502 1463 Commagenorum‚
522 1392 702 1459 Phiiopatore
714 1394 842 1459 Cilicum,
860 1396 987 1462 Regibus

182 1464 334 1528 defunctis,
353 1463 539 1516 turbabantur
558 1466 700 1527 nationes,
725 1463 864 1533 plerisque
883 1464 989 1518 Roma·

181 1551 247 1586 num
253 1573 262 1600 ,
283 1533 344 1586 eliis
353 1534 460 1600 regium
471 1535 617 1600 imperium
628 1533 813 1600 cupientibus:
833 1539 862 1586 et
875 1534 987 1602 prosin-

182 1607 251 1668 uise,
271 1602 355 1671 Syria
370 1611 453 1670 atque
464 1602 575 1665 iudaea,
593 1601 684 1656 fessae
699 1602 839 1667 oneribus,
859 1603 989 1657 deminu-

181 1675 286 1724 tionem
302 1672 399 1722 tributi
410 1671 536 1722 orabant.

179 1795 181 1800 ,
233 1739 332 1792 XLill.
350 1740 438 1807 Igitur
448 1737 525 1802 haec,
535 1739 748 1802 etdeArmenis,
759 1755 829 1807 quse
836 1754 921 1806 supra
930 1756 989 1793 me·

183 1810 302 1872 moravi,
318 1806 391 1874 apud
400 1807 497 1859 Patres
508 1808 649 1860 disseruit:
668 1825 716 1861 uec
721 1824 800 1875 posse
809 1817 911 1860 motum
923 1806 989 1862 Ori-

179 1887 269 1932 entem
284 1876 338 1931 nisi
351 1876 506 1936 Germanici
520 1877 656 1944 sapientia
675 1877 812 1944 corpora:
828 1894 892 1930 nom
906 1891 988 1932 sm

135 1950 138 1955 ’
182 1954 301 2001 aetutem
322 1960 451 2014 vergere,
486 1943 577 1998 Drusi
598 1947 715 1998 nondum
736 1945 804 1998 tatis
828 1945 985 1999 adolevisse.

182 2018 263 2068 Tunc
281 2014 392 2066 decreto
403 2014 517 2066 Patrem
533 2016 682 2081 permissae
693 2015 858 2070 Germanico
872 2018 986 2082 prosin-

139 2112 142 2116 ·
178 2087 250 2148 eise,
260 2099 331 2152 quse
342 2083 587 2148 nrar'idividuntur‚
597 2086 739 2152 maiusque
749 2085 986 2153 imperiumque·

122 2171 125 2180 ¹
181 2168 235 2222 quo
247 2153 363 2217 edisset,
383 2169 465 2220 quarn
476 2151 532 2216 his,
552 2155 598 2220 qui
608 2160 685 2206 sorte
693 2160 743 2206 sut
754 2156 837 2204 missu
848 2153 987 2222 Principis

181 2223 347 2275 obtinerent.
377 2221 431 2275 Sed
442 2222 571 2274 Tiberius
580 2223 740 2275 demoverat
750 2221 834 2290 Syria
843 2225 986 2276 creticum
1012 2228 1013 2235 ’

181 2291 314 2351 Silenum,
325 2307 373 2358 per
383 2291 555 2343 adfinitatem
568 2305 722 2345 connexum
733 2287 908 2357 Gemanico,
918 2296 987 2362 quia
1011 2292 1012 2343 i

181 2361 269 2420 Silani
278 2360 455 2423 tiliaNeroni‚
464 2362 652 2414 vetustissimo
661 2361 893 2425 liberorumeius,
903 2371 987 2429 pects
1009 2384 1012 2449 p

181 2437 253 2484 erat:
264 2429 491 2499 praefeceratque
503 2429 552 2480 Gn.
558 2429 697 2494 Pisonem,
707 2432 818 2500 ingenio
829 2430 987 2483 violentum

181 2507 210 2553 et
229 2500 352 2566 obsequii
373 2497 507 2563 ignarum,
527 2499 612 2550 insitu
630 2499 734 2552 ferocia
748 2516 766 2551 s
781 2505 860 2565 patre
874 2500 987 2562 Pisone,

180 2571 237 2636 qui,
247 2567 318 2621 civili
328 2565 413 2628 bello,
424 2572 600 2632 resurgentes
610 2570 639 2620 in
645 2568 738 2620 Africa
743 2577 837 2636 partes
848 2572 987 2622 acerrimi»
1007 2576 1009 2659 ⁴

181 2637 334 2690 ministerio
345 2634 478 2688 adversus
490 2635 634 2690 Caesarem
650 2639 732 2688 iuvit:
750 2652 816 2691 mox
824 2638 949 2697 Brutum
960 2646 987 2692 et
