2034 3025
58 115 868 190 amu.casamento,armoraciam]aaa

57 228 100 282 aa
117 223 266 292 Imperium
285 232 435 275 vocaretur.
479 225 548 276 Eius
567 225 751 277 accusationis
769 233 870 280 auctor

58 297 175 349 exstitit
188 293 429 360 Paemsqmunm,
456 293 619 346 exercendis
637 292 711 360 apud
729 297 871 348 aerarium

59 363 235 418 sectionibus
254 361 391 426 famosus,
404 369 447 414 ·et
465 369 526 414 turm
544 364 677 414 vanitatis
695 363 870 416 manifestus.

60 433 193 488 Noctem
204 436 285 498 grata
296 429 429 482 Pallantia
439 435 610 496 innocentia,
630 446 713 499 quam
725 433 817 500 gravia
826 447 871 484 sa.

61 500 240 572 perblaluit:
271 501 386 568 quippe,
415 503 565 553 nominatis
576 503 685 554 libertis
696 504 770 564 eins,
800 515 870 569 quos

60 567 339 633 wnscioshabcret,
365 570 520 636 respondit:
548 569 871 636 amicumamicumi,

58 639 359 700 nisinutuuatmanu,
379 636 558 706 signficatur,
573 640 624 700 nel,
642 638 871 707 siptarudmos·

60 709 292 770 strandaessent,
321 705 532 774 scriptuarum,
554 709 871 766 accocrmooamciaret,

61 777 188 840 Burrus,
213 777 427 844 quamvisreus,
455 779 530 828 inter
538 778 643 831 iudices
653 780 821 830 sententiam
831 777 872 830 dio

36 847 48 860 ⁴
62 851 121 900 xit..
152 845 328 913 Exiliumque
343 847 498 898 accusatori
512 848 685 914 inrogatam,
714 854 744 900 et
757 847 871 902 tabulae

65 921 183 974 exucme
199 920 284 978 suat,
305 915 403 984 quibus
418 914 582 969 oblitterata
592 919 694 969 aerarii
705 919 871 971 nominare·

64 986 212 1042 trahebat„
440 1037 444 1048 ,
647 1029 659 1044 .

119 1052 220 1108 XXIV.
238 1052 394 1117 Fiaeanni,
412 1056 496 1107 statio
505 1052 639 1125 cohortis,
658 1054 871 1108 adsidereladls

65 1124 161 1187 solita,
176 1123 345 1184 demoretur,
357 1138 412 1191 qao
422 1127 512 1176 maior
520 1127 627 1192 species
637 1122 774 1176 libertatis
784 1131 872 1176 esset:

66 1201 155 1262 utque
165 1192 254 1254 miles,
274 1191 404 1244 theatrali
415 1193 544 1246 licemiao
555 1195 772 1261 aon'permixtao
781 1197 873 1246 iocor·

68 1264 296 1328 ruptiorageret3
326 1267 354 1313 et
364 1262 459 1329 plebes
469 1263 554 1314 daret
565 1266 798 1330 experimentum,
826 1277 872 1324 aa,

70 1331 171 1384 amotis
195 1331 366 1394 custodibus,
385 1331 559 1384 'modestiam
581 1335 723 1386 retineret.
767 1333 873 1386 llrbem
902 1371 906 1378 .

42 1411 44 1418 ⁴
69 1401 201 1466 Princeps
210 1399 346 1450 lustravit
360 1435 369 1466 ,
389 1416 404 1452 e
419 1415 552 1467 responso
566 1401 767 1468 Haruspicum,
796 1399 874 1468 quod

68 1471 144 1525 lovis
155 1485 188 1523 ac
196 1469 340 1521 Minervae
351 1469 434 1522 aedes
445 1469 479 1523 de
489 1470 568 1523 caelo
578 1475 670 1522 tactae
680 1474 774 1523 oront.

122 1540 211 1593 XXV.
230 1539 407 1601 (bvolusio,
427 1536 458 1591 Ρ.
469 1538 598 1605 Scipione
614 1554 684 1590 coss.
699 1540 786 1590 otium
797 1536 875 1603 loris,

69 1608 154 1663 foeda
164 1609 238 1660 domi
256 1608 381 1671 lascivin3
409 1622 465 1675 qua
475 1608 550 1661 Nero
563 1609 665 1659 itinera
674 1608 750 1659 urbis
761 1612 791 1657 et
798 1606 876 1673 lupa·

70 1680 151 1733 naria
161 1683 192 1730 et
200 1677 377 1740 diverticula,
396 1682 473 1731 vete
483 1677 578 1729 servili
587 1679 616 1728 in
626 1676 877 1730 dissimulationem
933 1723 937 1732 ,

70 1748 303 1814 suicompositus,
322 1748 499 1813 pererrabat,
520 1748 722 1810 comitantibus,
741 1746 877 1814 quirbpe·

72 1823 138 1871 rciit
146 1817 299 1869 venditioni
310 1818 451 1883 exposita,
470 1823 497 1869 et
507 1818 597 1869 obviis
605 1816 725 1869 vulnera
731 1815 877 1878 inferrent,

72 1884 208 1939 adversus
219 1886 330 1952 ignaros
342 1885 421 1949 adeo,
431 1892 463 1937 ut
472 1885 878 1953 ipsequoqaeexciperetictas,

73 1954 337 2022 etorepraelerret.
373 1956 498 2019 Deinde,
521 1953 807 2018 uhttaeuanemem,
829 1952 878 2020 qul

69 2032 265 2095 grassaretur,
286 2026 443 2091 pernotuit,
462 2026 691 2092 augebanturque
701 2026 821 2077 iniuriae
831 2022 880 2075 ad·

73 2108 171 2145 versus
182 2094 256 2145 viros
266 2092 438 2161 feminasque
452 2095 588 2161 insignes,
616 2102 646 2147 et
660 2095 786 2161 quidam,
816 2106 879 2159 per·

32 2170 34 2173 ’
73 2162 256 2215 missaeemel
265 2162 376 2213 licentia
390 2164 441 2213 snb
451 2164 712 2226 nomine-Neronis„
723 2163 806 2215 inulti
817 2175 880 2227 pro·
924 2192 935 2199 —

74 2233 144 2299 priis
154 2246 216 2283 cum
228 2231 317 2299 globis
328 2230 424 2299 ecdem
434 2235 618 2296 exercebant,
632 2236 661 2285 ia
671 2230 880 2295 modum-capti·

75 2301 169 2355 ¹vitatis
187 2314 244 2351 nox
264 2300 408 2370 agebatur.
443 2299 531 2353 lulius
545 2303 708 2362 Montanus,
738 2299 880 2353 Senatorii

80 2370 203 2432 ordinis,
218 2368 272 2419 sed
284 2368 460 2435 qainondam
472 2368 605 2423 honorem
616 2372 792 2437 capessisset,
819 2383 884 2421 con·
994 2432 998 2438 Δ

78 2452 191 2506 gressus
201 2436 274 2489 forte
284 2454 334 2505 per
343 2439 473 2491 tenebras
488 2454 549 2496 cum
560 2441 700 2506 Principe,
729 2437 884 2507 quiaviate
967 2502 971 2508 Ι

80 2512 234 2559 tentantem
246 2509 348 2577 acriter
356 2507 512 2575 repulerat,
543 2510 882 2575 deindeagnitumorave·

77 2580 137 2639 rat,
156 2576 245 2642 ‘quasi
266 2577 473 2641 exprobrasset,
501 2579 770 2629 moriadaotuseat.
805 2573 880 2624 Nero

50 2706 53 2716 Δ
78 2650 188 2711 autem,
212 2647 379 2701 metuentior
391 2648 420 2700 in
430 2651 588 2715 posterum,
612 2641 881 2715 militessibietple·
