2034 3025
113 134 117 141 ’
169 160 205 215 so
291 138 693 227 tausinanum.
713 160 852 231 nara]

176 238 979 259 W*

169 284 232 323 eum
248 272 462 335 propinquorum
479 274 508 319 et
523 267 664 318 clientium
679 284 771 319 manis.
807 270 925 323 Inerant
938 273 982 328 fe·

92 328 96 347 ’
169 341 262 391 minae
277 338 396 389 nobiles:
416 338 489 389 inter
504 352 573 403 quas
586 351 658 387 uxor
672 338 799 400 Arminii,
820 340 981 408 eademque

168 406 227 459 iilia
237 405 370 475 Segestis,
381 406 475 457 mariti
484 407 574 473 aragia
584 421 665 473 quam
676 407 800 472 perentIs
810 410 918 472 animo,
930 426 980 462 non

169 492 223 544 que
233 479 307 528 victa
317 478 345 526 in
355 476 492 537 lacrimas,
503 489 593 541 neque
603 489 671 526 voce
680 475 804 541 supplex,
809 481 979 544 compressIs

168 549 244 599 intra
267 546 356 597 sinum
380 543 521 604 manibus,
551 544 696 611 gravidum
721 548 978 605 uternmintuenae

79 617 82 623 “
168 614 343 667 Ferebantur
358 618 387 665 et
400 610 638 677 spoliavarIanae
653 612 753 675 eladis,
772 615 913 681 plerisque
929 631 979 669 eo·

167 699 243 746 rum,
272 684 318 750 qui
342 689 401 736 tuns
420 683 450 735 in
468 680 641 734 deditionem
659 683 822 746 veniebant,
851 685 978 751 praedae

170 753 247 805 data.
496 755 505 777 ⁶

221 820 320 875 LVIII.
339 820 427 874 Simul
438 820 568 890 Segestes
583 822 656 888 ipse,
675 821 860 889 ingensvisn,
879 826 911 874 et
919 836 980 877 me·

167 894 258 943 moria
278 892 370 943 bonae
390 892 532 943 societatis
553 890 714 958 impavidus.
751 889 847 945 Verba
865 893 926 943 eius
947 896 980 946 in

168 960 242 1011 hunc
256 959 368 1011 modum
384 959 477 1012 suere:
499 960 558 1012 Non
573 959 617 1011 bie
627 958 806 1027 mibiprimus
817 976 884 1030 erga
890 976 979 1028 popu·

167 1032 223 1091 lum
233 1027 310 1083 Rani.
319 1028 390 1098 fidei
400 1038 429 1081 et
437 1028 609 1081 constantiae
619 1026 683 1080 dies.
714 1046 748 1082 ex
759 1044 810 1096 quo
821 1030 908 1082 aolino
920 1030 980 1084 Aa·

164 1108 247 1169 gusto
262 1097 375 1151 oioitate
386 1098 501 1149 donatus
512 1114 583 1161 sum,
596 1098 695 1149 anticos
705 1098 879 1165 inimicosque
890 1117 924 1153 ea
935 1118 979 1153 aa

166 1168 232 1220 stris
248 1166 415 1219 utilitatibus
431 1168 532 1237 detegi.-
560 1182 645 1232 neque
653 1166 712 1230 odio
718 1168 845 1234 patriae,
864 1170 979 1239 (quippe

162 1237 317 1305 proditores
334 1234 416 1287 etiam
431 1234 480 1299 iis,
505 1251 570 1301 quos
583 1243 767 1303 anteponunt,
789 1236 872 1289 innisi
885 1243 976 1303 sunt‚)

155 1322 259 1363 nerum
268 1305 332 1371 quia
343 1302 473 1356 Romanis
488 1304 683 1370 Germanisque
691 1304 761 1356 idem
771 1307 933 1370 conducere,
948 1316 978 1361 et

55 1382 66 1391 “
162 1390 259 1443 paoem
279 1389 359 1441 quam
379 1373 474 1425 beilum
485 1373 642 1439 probabam.
667 1390 733 1443 ergo
747 1376 980 1447 raptaremfitiae

167 1460 255 1507 mene,
279 1443 439 1495 violatorem
447 1441 571 1514 foederis
586 1442 684 1506 nestri,
708 1443 875 1508 Arminium,
901 1448 985 1513 apuu

171 1513 283 1578 Varum,
308 1512 355 1579 qui
374 1522 434 1565 tum
452 1512 586 1565 exercitui
599 1512 788 1580 praesidebat,
811 1531 888 1566 reum
901 1518 980 1588 feei.

169 1584 270 1635 dilatus
279 1583 398 1652 segnitia
408 1581 482 1634 duris
488 1619 496 1645 ,
513 1582 577 1648 quia
583 1597 681 1650 parum
690 1583 821 1648 praesidii
830 1582 860 1636 in
869 1585 980 1653 iegibus

165 1660 230 1718 erat
236 1691 243 1716 ,
263 1661 295 1702 at
305 1659 346 1702 rue
356 1660 384 1702 et
394 1650 548 1703 Arminium
558 1660 585 1703 et
595 1651 712 1703 aenidos
722 1650 851 1715 vinciret,
854 1651 981 1722 flagita*

167 1721 204 1771 oi.
225 1721 301 1772 testis
311 1718 360 1770 itia
371 1736 433 1782 nox,
443 1718 510 1770 mibi
520 1719 625 1773 utinam
631 1721 726 1788 potius
736 1714 895 1773 nouissima!
905 1737 979 1788 quas

168 1797 262 1840 secuta
274 1795 351 1848 sant,
367 1785 462 1854 defleri
471 1789 575 1858 magis,
585 1805 665 1856 quam
674 1789 784 1862 defendi
790 1798 914 1858 possunt.
937 1810 978 1844 ce·

166 1867 258 1910 teram
269 1866 295 1910 et
305 1855 386 1908 inieci
396 1864 508 1908 catenas
518 1856 655 1922 Arminio,
666 1868 695 1926 et
703 1876 721 1911 a
726 1859 854 1930 faotione
865 1859 926 1912 eius
936 1861 979 1914 in.

166 1927 253 1980 metas
268 1940 411 1992 perpessus
430 1941 497 1977 sum.
534 1925 624 1993 Atque
637 1928 684 1980 ubi
694 1928 813 1995 primum
826 1928 870 1980 tui
883 1931 976 1998 eopia,

166 2005 261 2048 uetera
280 1993 353 2046 nonis
368 2003 397 2044 et
411 1995 504 2060 quieta
520 1996 637 2049 turbidis
652 1997 814 2052 antebabeo:
838 2013 926 2064 neque
941 1999 974 2050 ob

162 2064 328 2134 praemium,
347 2064 395 2114 sed
407 2073 489 2116 utrae
502 2063 621 2134 perfidia
634 2067 786 2129 exsolvam
804 2066 886 2120 simut
890 2067 976 2136 genti

170 2131 973 2202 Germanorumidoneuseoneiiiator,sipoenitentiamquarn

162 2201 310 2272 perniciem
321 2201 456 2254 maluerit.
475 2201 535 2254 Pro
544 2201 653 2255 iuventa
664 2213 692 2255 et
701 2205 854 2274 errorefitii
863 2205 974 2258 versiam

162 2270 370 2342 precorsfltium
380 2271 540 2324 necessitate
548 2270 600 2323 buo
610 2272 761 2337 adductam,
766 2273 874 2345 fateor.
890 2282 974 2328 taam

166 2341 221 2392 erit
239 2341 405 2403 consultore,
423 2346 517 2392 utrum
527 2343 701 2408 praeoaIeat,
721 2342 972 2407 quorsumnam

166 2411 295 2478 concepit,
304 2425 340 2462 aa
350 2409 421 2473 quod
428 2425 462 2461 ea
471 2423 513 2460 me
519 2408 616 2478 genita
627 2418 675 2461 eet.
713 2411 974 2474 Caesar-,clementi

164 2480 313 2546 responso,
331 2478 427 2529 liberIs
441 2479 655 2545 propinquisque
672 2481 731 2531 eius
741 2480 974 2545 incolumitatem
1006 2494 1007 2501 ¹

164 2549 217 2614 ipsi
228 2549 323 2601 sedem
334 2550 430 2598 vetere
441 2549 470 2596 in
479 2548 622 2612 provincia
631 2548 785 2613 poIIIoetur.
806 2543 974 2602 Exer'eituun
1006 2548 1007 2559 ¹

163 2617 291 2681 reduxit,
300 2620 455 2682 nomenque
465 2613 656 2681 Imperatoris,
667 2622 781 2669 numere
791 2619 917 2682 Tiberia,
929 2634 977 2670 aa·

165 2689 244 2753 esunt.¹
281 2684 398 2738 Atminii
421 2697 499 2785 uxor
517 2683 611 2754 uirilis,
628 2697 713 2737 sexus
731 2688 848 2755 stirpem
869 2685 973 2750 edidit,
1005 2736 1006 2789 1

1004 2906 1006 2993 o
