2034 3025
151 125 204 178 240
267 121 825 192 nnnrmvu[ivnon-sore]

158 192 947 215 .....---.-..-.--.-.--ι----------.

153 229 311 284 libertorum
322 229 502 300 transferret:
524 243 615 294 seque,
634 226 731 287 offert,
753 235 946 292 suscepturum.

126 295 131 301 ’
152 301 190 350 Ac
200 314 249 359 ne,
267 299 369 350 domin
379 301 475 350 urbem
488 296 610 359 vehitur,
629 295 662 349 ud
674 297 877 361 poenitentiam
887 313 906 348 a
915 297 947 348 11·

152 367 266 419 Vitellio
278 374 307 420 et
317 369 346 420 P.
357 369 449 434 Largo
460 366 592 427 Caecina,
616 370 786 426 mutaretur,
797 408 799 411 .
809 365 838 414 in
850 364 948 418 eodeni

122 449 124 456 ’
153 439 307 504 gestamine
318 435 411 488 sedem
423 436 514 501 poscit
524 435 673 553 sumitpue.
941 446 944 453 ’

205 504 328 557 XXXIV.
347 506 524 570 Crebropost
535 501 605 554 baec
626 519 690 554 ame
699 503 761 566 fuit,
776 503 852 555 inter
861 503 950 555 direr-

155 591 206 628 sos
220 573 357 640 Principis
377 589 473 634 voees,
501 587 563 622 eum
581 572 666 623 modo
684 574 827 624 insumeret
839 573 952 640 degitis

152 643 259 702 uxoris,
269 641 418 708 aliquando
429 643 464 692 ad
474 643 637 697 memoriam
642 642 796 704 coniugiiet
803 641 951 707 infantiam

152 712 304 762 liberorum
316 710 515 772 revolveretur,
526 725 583 762 non
593 711 669 762 eliud
680 713 855 777 prolocutum
864 709 954 762 Vitel-

153 781 234 840 lium,
253 793 349 844 quem,
369 796 384 829 o
395 777 525 849 focinus!
549 780 679 832 oseelos!
700 781 828 832 lnstabst
842 779 954 846 quidem
978 813 982 817 ν

153 847 321 913 Narcissus,
342 848 448 915 aperire
465 849 592 916 anrbages
611 858 639 900 et
653 849 710 900 seri
723 848 827 914 copiam
840 849 954 920 facere:

154 915 204 966 sed
215 931 270 966 non
281 914 344 966 ideo
356 919 482 982 pervicit,
490 920 568 984 *quin
580 934 730 982 suspense,
748 922 787 978 et,
806 933 861 982 quo
872 916 954 968 duee-

82 990 93 1019 ·'
154 989 266 1045 rentur,
291 985 461 1036 inclinatura
469 985 675 1051 responderet,
698 982 954 1051 exemploqu'eeius

153 1051 262 1119 Largus
274 1053 392 1104 Coeoino
407 1059 544 1116 uteretur.
579 1056 618 1104 Et
631 1054 686 1103 iarn
702 1058 764 1104 erat
779 1056 808 1102 in
819 1053 955 1119 adspectu

153 1121 327 1182 Messalllna,
347 1122 573 1188 clamitabatque,
592 1121 701 1173 audiret
712 1120 843 1172 Octaviae
854 1119 961 1181 σεβῆ·

153 1188 257 1241 cannino·
267 1197 398 1250 matrerm
427 1189 488 1240 eu'm
498 1191 662 1256 obstrepere
673 1197 830 1250 aecusator,
855 1189 954 1239 Silium

153 1266 180 1310 et
191 1257 302 1324 nuptias
313 1257 437 1309 referens
448 1279 455 1310 ι
478 1259 562 1308 simul
572 1257 727 1319 codicillos,
755 1257 902 1308 libidinum
912 1259 955 1307 in·

154 1327 243 1388 dices,
273 1326 405 1387 tradidit,
435 1329 536 1394 quibus
554 1329 632 1376 visus
653 1327 782 1379 Caesaris
798 1330 955 1378 everteret.

154 1395 213 1446 Nee
221 1391 309 1446 multo
320 1401 384 1461 post
393 1397 490 1446 urbem
499 1395 674 1462 ¹ingredienti
683 1394 875 1446 offerebantur
881 1411 956 1447 oom-

153 1479 252 1516 munes
267 1464 362 1528 liberi3
393 1466 448 1517 nisi
464 1463 610 1517 Narcissus
626 1465 743 1517 amoveri
756 1480 800 1516 eos
814 1465 955 1516 iussisset.

153 1534 296 1593 Vibidium
307 1533 449 1601 depellere
459 1536 595 1603 nequivit,-
603 1536 672 1601 quin
681 1536 772 1586 multu
780 1533 956 1585 euminvidie

154 1601 310 1669 flagitaret,
331 1621 364 1655 ne
373 1604 515 1676 indefenso
524 1604 644 1658 ,coniunx
654 1603 739 1655 exitio
749 1604 870 1654 daretur.
884 1647 887 1650 .
900 1603 956 1668 lgi-

153 1676 216 1733 tur,
238 1671 395 1723 auditurum
405 1673 574 1738 Principem,
598 1671 696 1738 otfore
706 1671 825 1722 diluendi
834 1669 958 1736 oriminis

153 1739 330 1812 facultatem,
358 1741 517 1807 respondit:
546 1740 601 1791 iret
619 1740 728 1791 interim
741 1738 820 1806 virgo
835 1746 863 1788 et
876 1753 959 1791 saera

155 1818 313 1872 capesseret.
391 1832 393 1837 ·

209 1876 319 1930 XXXV.
334 1879 443 1929 *Mirum
452 1880 530 1929 inter
538 1875 611 1928 haee·
617 1875 759 1927 silentium
771 1874 892 1927 claudii:
910 1875 957 1927 Vi-

165 1944 252 1997 llius
269 1948 369 2013 ignaro
389 1949 521 2013 propior:
552 1946 646 1997 omnis
657 1945 762 1995 liberto
778 1945 956 1997 obediebant.

157 2032 191 2082 po
207 2034 220 2066 e
242 2014 282 2065 eri
292 2017 393 2065 domum
405 2013 534 2077 adulteri,
563 2022 643 2081 atque
653 2012 716 2064 illoc
734 2013 958 2083 deduoilmpsro·

156 2092 241 2135 torem
251 2084 336 2135 iubet.
373 2086 411 2135 bc
421 2086 540 2151 primum
554 2085 584 2133 in
594 2082 748 2146 vestibulo,
778 2083 958 2151 effigiem‘pa·

155 2154 209 2204 tris
221 2153 295 2214 Silii,
322 2155 451 2204 consulto
462 2152 584 2203 Senatus
594 2151 744 2213 obolitum,
768 2152 956 2204 demonstrat:

156 2228 231 2283 tuni,
253 2221 386 2289 quidquid
398 2224 502 2273 avitum
513 2220 673 2274 Neronibus
684 2225 716 2273 et
724 2220 836 2282 Drusis,
855 2224 884 2271 in
893 2223 956 2287 pre·

156 2292 225 2341 tium
238 2292 333 2357 probri
342 2292 460 2344 cessisse
468 2294 667 2359 incensumque
678 2296 709 2342 et
719 2290 753 2341 sd
765 2293 856 2341 mines
866 2304 955 2342 erom-

155 2362 283 2426 pentem,
313 2363 412 2412 eastris
426 2360 527 2423 infert,
552 2366 651 2428 perata
665 2361 800 2411 condem
817 2358 956 2421 militumr

156 2429 318 2497 opud'quos,
341 2434 540 2497 praemonente
549 2430 707 2492 Narcisso,
724 2428 908 2495 pouesv'erbs
918 2427 957 2480 fe-

156 2500 207 2548 eit:
231 2514 308 2561 nem,
335 2500 521 2562 etsiiustum,
538 2500 665 2551 dolorem
673 2499 765 2565 pudor
775 2496 956 2563 impediebat.
995 2510 1002 2520 ·

157 2568 312 2619 Continuus
323 2566 423 2621 dehine
433 2568 590 2621 cohortium
600 2569 714 2631 elamor,
731 2566 839 2618 nomina
848 2562 957 2617 reorum

155 2636 498 2709 stpoenosllogitsn‘tium:
519 2638 707 2707 admotusque
717 2635 803 2688 Silius
811 2634 955 2700 tribudsli,
