2034 3025
176 121 210 175 ss
229 136 233 143 .
295 95 519 173 nnnnrnvn
536 118 626 187 [nv.
637 117 695 189 769.
712 120 745 172 A.
756 121 786 173 c.
799 119 854 187 a]
919 179 922 181 ,

177 218 379 275 circumiectam
392 210 518 284 traxeres
538 216 602 265 dein
613 215 707 264 coorti
717 220 746 263 et
754 214 874 283 undique
885 216 977 278 effusi,

176 285 294 336 trudunt
304 285 441 345 adversos,
456 282 738 343 instantcedentibus,
747 282 935 350 collectosque
947 286 978 335 in

179 355 283 415 orbem,
302 368 365 417 pars
380 353 527 419 congressi,
548 351 658 418 quidam
673 352 779 401 eminus
799 354 977 415 proturbant.

178 421 350 481 Cariovalda‚
362 421 409 487 diri
419 425 575 471 sustentata
582 418 704 469 bostium
714 420 838 481 saevitia,
848 419 978 472 lerneus

174 494 250 553 ¹suos,
261 495 292 539 ut
301 492 460 555 ingruentes
472 493 595 539 cateruas
605 488 687 553 globo
697 486 872 553 frangerent3
891 495 978 556 atque

176 559 235 624 ipse
246 560 272 608 in
285 556 461 608 densissimos
472 556 639 620 inrumpens,
650 556 787 621 congestis
797 557 871 619 telis,
881 558 979 608 et'suf·

169 627 253 679 ¹fosso
264 640 344 691 equo,
355 624 467 687 labitur,
486 640 520 675 ac
531 624 611 673 multi
623 623 753 674 nobilium
764 624 849 675 circa:
867 632 979 677 ceteros

80 752 84 759 .
176 698 217 743 vis
227 710 278 744 sua
288 698 335 743 aut
346 695 466 759 equites,
486 708 547 743 cum
559 691 872 762 Stertiniorlemilioque
881 696 979 747 subre-

177 766 294 822 nientes,
309 762 430 827 periculo
442 770 578 813 mamere.

227 830 288 880 Xll.
308 830 417 892 Caesar,
437 836 626 897 transgressus
635 829 786 898 Visurgim,
801 829 906 883 indicio
916 847 978 899 per-

176 900 258 965 fugae
270 900 423 963 cognoscit,
444 898 615 949 delectnm'ab
626 898 749 953 Arusinis
759 904 843 951 locam
850 917 978 972 pugnae:

92 1016 94 1021 χ
125 1028 132 1035 ,
176 966 324 1019 convenisse
335 974 362 1017 et
373 966 441 1017 alins
455 968 577 1019 nationes
592 966 621 1018 in
634 968 728 1019 siloam
738 968 851 1020 Herculi
860 985 977 1031 meram,

176 1051 336 1101 attentosque
347 1044 504 1086 nocturnam
516 1044 665 1087 castrorum
676 1038 909 1103 oppugnationem·
928 1037 977 1088 ha-

175 1105 233 1155 bita
243 1098 326 1154 indici
337 1104 419 1165 lides3
436 1109 465 1154 et
475 1105 660 1155 cernebantur
669 1107 761 1172 ignes:
781 1108 977 1173 suggressique

175 1174 287 1239 propius
302 1172 498 1235 speculatores,
519 1172 610 1223 audiri
622 1172 768 1242 sternitum
783 1190 911 1241 equorum
928 1174 977 1225 im·

175 1238 307 1307 ruentique
319 1248 345 1289 et
355 1239 485 1291 inconditi
494 1239 610 1308 agminis
621 1256 749 1304 murmur,
760 1243 890 1293 attulere.
924 1243 975 1309 lgi·

175 1316 230 1371 tur,
241 1309 394 1373 propinquo
406 1324 530 1359 summae
541 1312 582 1359 rei
598 1309 768 1371 discrimine,
788 1310 977 1375 explorandos

150 1388 154 1393 “
175 1379 293 1429 militum
304 1378 409 1425 animos
421 1382 506 1437 ratus,
525 1391 642 1443 quonam
653 1378 681 1427 id
692 1378 773 1451 modo
782 1380 976 1443 incorruptum

175 1446 257 1508 foret,
277 1460 369 1495 secum
386 1445 522 1509 agitabat:
544 1443 675 1495 Tribunos
686 1454 713 1495 et
723 1446 891 1497 centuriones
901 1449 978 1499 laete

174 1516 280 1584 saepius
291 1506 370 1581 qnam
380 1521 514 1578 conmenta
529 1514 674 1574 nnretiare;
694 1515 849 1565 libertorum
863 1515 977 1568 senonia

173 1585 302 1652 ingenuit,-
319 1582 413 1634 altricis
431 1583 517 1632 inesse
537 1582 737 1642 adulationem
755 1583 779 1634 si
797 1583 888 1634 concio
902 1599 977 1636 voce·

174 1661 229 1714 tur,
238 1651 295 1702 illic
304 1667 414 1718 quoqne,
425 1666 493 1715 qnae
500 1643 584 1714 pardi
593 1650 734 1716 incipiant,
747 1652 862 1718 reliquus
871 1652 978 1704 adstre-

110 1770 112 1782 ,
172 1737 244 1788 pere.
259 1718 369 1784 penitus
389 1717 532 1768 noscendae
551 1727 659 1781 mentes,
678 1734 738 1769 curu
752 1720 851 1770 secreti
864 1728 892 1771 et
901 1718 978 1772 incn-

174 1786 277 1848 storliti,
297 1784 368 1836 inter
378 1783 507 1836 militaris
517 1785 601 1849 aloe,
620 1802 691 1854 spem
701 1796 752 1838 ant
760 1789 976 1860 metnmprofer-

174 1864 244 1908 rent.
875 1899 882 1905 ,

226 1911 300 1974 xllli
319 1921 405 1976 Nocte
416 1929 514 1990 coepta
525 1940 650 1992 egressus
660 1925 795 1992 augurali,
806 1940 856 1990 per
866 1925 977 1976 occulta

175 1991 454 2058 strigilibusignara,
477 1997 576 2045 comite
595 2008 660 2056 uno,
681 1998 823 2045 contectus
843 1993 977 2046 humeros

175 2061 266 2112 ferina
277 2060 357 2124 pelle,
372 2061 431 2111 adit
441 2068 595 2112 castrorum
607 2063 672 2123 rias,
691 2063 803 2112 adsistit
812 2063 978 2113 tabernacu-

174 2129 222 2191 lis,
242 2129 396 2195 fruiturque
417 2129 566 2181 famasui:
587 2145 649 2180 cum
660 2129 704 2180 liic
714 2130 882 2181 nobilitatem
892 2131 976 2192 ducis,

99 2237 103 2242 .
144 2258 147 2266 Ἰ
175 2200 293 2255 decorem
304 2197 382 2260 alius,
397 2199 507 2263 plurimi
514 2198 687 2264 patientiam,
697 2198 859 2260 tantitatem,
876 2214 929 2264 per
937 2215 978 2250 se·
1008 2234 1011 2242 ·

175 2266 229 2329 ria,
246 2282 297 2332 per
306 2265 376 2317 iocos
387 2268 495 2318 eundern
505 2266 632 2328 animum,
642 2267 771 2317 laudibus
781 2265 897 2330 ferrent,
917 2269 977 2319 rell·

175 2335 335 2400 ueniamque
344 2335 466 2402 gratiam
476 2334 504 2386 in
515 2333 581 2396 acie,
592 2336 759 2386 faterentur:
778 2335 875 2397 simul,
891 2336 978 2405 perfi-

174 2403 220 2454 dos
229 2411 256 2454 et
266 2413 388 2468 ruptores
396 2401 471 2467 pant
482 2402 580 2454 ultioni
590 2412 618 2454 et
623 2403 731 2471 gloriae
738 2405 905 2455 'tractandos
933 2407 979 2457 ln·

174 2476 218 2524 ter
228 2487 298 2538 quae
309 2486 379 2520 nnus
391 2471 524 2532 hostium,
544 2473 661 2522 Latinae
672 2472 784 2539 linguae
794 2477 893 2537 sciens,
912 2481 977 2528 acto

98 2569 99 2574 =
136 2587 140 2594 ,
174 2541 210 2592 ad
220 2540 321 2590 vallum
332 2553 411 2604 equo,
426 2552 609 2606 rocemagna,
623 2541 749 2610 coniuges
759 2550 787 2593 et
796 2559 881 2612 agros
889 2553 918 2596 et
927 2544 978 2596 eti·

172 2608 263 2676 nendii
273 2607 302 2660 in
312 2607 376 2678 clies,
396 2607 476 2658 donec
487 2606 642 2671 bellaretur,
656 2610 793 2663 sestertios
803 2621 936 2678 centrum,
951 2629 978 2666 es
