2034 3025
159 63 212 119 sso
279 41 503 128 iussurum
524 62 567 130 [A.
577 62 609 114 r.
620 66 682 131 εις..
698 61 731 116 A.
744 64 774 115 u.
786 40 843 131 du]

161 132 985 163 -ι-ι--ιι-ῃ-ι-ι-*ι-Ἥ*

158 172 287 231 suerunt,
305 173 338 218 ut
346 166 512 229 Lateranus,
531 165 609 231 puori
619 164 767 233 rrdsidium
776 165 821 217 rei'
822 162 990 237 familiare*

159 246 266 300 oraret,
293 234 510 303 deprecabundus
521 244 548 285 et
554 233 670 303 genibus
680 233 821 301 Principis
833 236 985 300 accidens,

153 311 342 375 prosterneret
350 304 492 357 incautum
501 310 702 371 premeretpue,
729 303 815 355 univoci
824 304 946 357 ualidus
957 316 985 358 et

156 374 386 443 ‘corporeingenu
426 372 495 425 Tum
504 372 637 425 lucentem
647 380 675 423 et
688 372 838 439 inpeditum
853 372 985 427 l'rs‘buns'

159 454 189 499 et
200 444 377 498 Centuriones
387 451 415 495 et
425 451 585 505 ceterorum,
601 450 636 492 ut
646 440 756 509 quisque
767 442 920 495 audentiae
934 444 982 495 du·

65 517 68 521 “
159 513 275 577 luisset,
293 510 703 579 ocurrerenttrucidareutpuer
727 512 831 577 primas
842 512 900 563 sibi
913 528 980 579 par-

118 624 121 628 ,
157 589 201 635 tes
213 581 408 649 expostulante
423 580 554 643 Sceviuo,
582 583 629 647 qui
639 581 788 646 pugionem
802 582 917 647 templo
929 580 980 635 Ss-

157 652 226 705 luh's
236 656 276 715 (in
286 652 429 713 Etruria),
452 652 524 712 sire,
547 653 580 699 ut
590 649 639 699 ulii
650 648 792 701 tradidere
797 650 978 716 „Fortu-nae

157 721 309 772 Ferentino
319 721 349 770 in
359 720 475 787 oppido,
499 719 675 780 detraxerat,
694 718 882 787 gestabatque
892 722 977 773 velut

157 804 260 857 magno
276 789 356 855 operi
370 803 489 840 sucrum.
524 786 640 839 Interim
654 787 722 839 Piso
735 788 809 855 opud
817 789 913 840 oedem
928 789 977 841 Ce-

156 858 228 909 reris
238 856 421 925 opperiretur,
448 857 517 910 unde
531 872 590 907 cum
600 855 767 927 Praefertur
777 856 882 909 Fenius
893 866 923 909 et
934 874 975 911 ce·

136 926 212 979 ·teri
222 927 339 986 accitum
353 927 467 999 ferrent
484 926 633 989 incontra,
659 925 814 978 comitante
833 924 972 990 Antonio,

159 995 270 1049 Claudii
281 994 492 1066 Onerosiefilr'u,
521 994 558 1047 ud
567 993 722 1052 eliciendum
737 994 814 1064 uulgi
824 994 972 1066 fusorem:

157 1065 233 1133 quod
244 1066 273 1116 G.
285 1065 392 1117 Plinius
407 1069 553 1117 memorat.
589 1062 675 1134 Nobis
690 1078 802 1131 quoquo
815 1065 901 1117 modo
911 1071 971 1117 tra·

85 1153 87 1156 ’
131 1154 133 1157 ·
159 1136 249 1187 (litum
259 1131 675 1195 uouoocultareiuanimofuit,
683 1134 968 1199 quamvisubsusdum

158 1204 316 1268 rideretur,
341 1209 389 1255 aut
401 1205 515 1271 inanem
530 1202 566 1253 ad
574 1216 652 1267 spem
662 1203 811 1254 Antonium
825 1218 929 1255 nomeu
941 1210 969 1256 et

159 1274 313 1341 periculum
322 1272 549 1334 commodavisse,
568 1275 617 1321 sut
627 1269 764 1335 Pisonem,
782 1283 880 1323 notum
892 1288 968 1324 arno·

159 1358 191 1394 ee
205 1344 315 1404 uxoris,
343 1342 392 1394 ulii
407 1342 585 1394 matrimonio
601 1348 631 1391 se
646 1340 842 1395 obstrinxisse:
869 1342 923 1393 uisi
944 1348 967 1393 si

55 1437 58 1444 ¹
160 1412 261 1480 cupido
271 1412 433 1464 dominandi
444 1414 550 1463 cunctis
566 1408 727 1461 adfectibus
737 1410 903 1478 flagrantior
913 1416 966 1463 est.

212 1483 285 1536 LIV.
305 1481 361 1535 Sed
381 1484 482 1534 mirum
528 1494 610 1550 quam
625 1479 703 1533 iuter
718 1479 826 1534 dirersi-
843 1482 967 1549 generis,

153 1553 284 1615 ¹ordinis,
304 1554 422 1612 uetutis,
441 1567 492 1603 sex
513 1567 542 1614 s,
563 1550 648 1612 dites,
667 1564 806 1617 pauperes
818 1552 983 1602 taciturni„

160 1628 221 1673 tate
240 1624 335 1673 omniu
353 1619 478 1673 cohibita
493 1621 566 1681 siut;
596 1619 686 1670 donec
700 1618 824 1686 proditio
840 1621 933 1686 coepit
949 1635 964 1672 e

70 1728 74 1735 .
161 1690 245 1742 domo
257 1688 381 1742 Scerim:
398 1691 445 1757 qui
456 1689 547 1754 pridie
556 1687 723 1738 insidiarum
733 1687 822 1740 multo
834 1703 963 1740 somnone

161 1774 224 1810 eum
233 1759 359 1810 Antonio
367 1757 481 1821 Natale,
502 1756 569 1807 dein
580 1771 729 1823 regressus
740 1755 863 1821 domum,
878 1762 964 1810 testa·

160 1831 287 1878 mentum
304 1828 478 1896 obsignavit3
506 1831 667 1893 promptum
683 1827 788 1892 ragina
801 1829 962 1896 pugionem,

160 1896 196 1947 de
216 1895 272 1963 quo
292 1896 489 1963 supraretuli,
516 1901 653 1947 uetustate
667 1893 789 1946 obtusum
809 1898 962 1963 increpans,

161 1965 287 2031 sspermi
300 1981 370 2018 suxo
380 1973 409 2017 et
422 1965 453 2016 in
462 1978 614 2016 mucronem
624 1963 761 2016 ardescere
771 1965 865 2028 iussit,
893 1983 962 2018 esun-

161 2049 216 2102 que
227 2049 321 2085 eurum
330 2035 432 2086 liberto
444 2032 561 2084 Milicho
572 2031 723 2085 mandevit.
746 2032 834 2085 Simul
844 2034 961 2088 adfluen-

159 2106 217 2155 tius
227 2104 313 2155 solito
321 2104 476 2155 convivium
491 2103 605 2153 initum:
633 2117 776 2154 servorum
788 2105 920 2155 carissimi
930 2106 960 2156 li-

160 2174 270 2226 berteto
279 2179 310 2225 et
319 2173 366 2224 alii
377 2175 495 2239 pecunie
504 2168 609 2223 donati„
646 2175 797 2238 atquei-pso
807 2179 925 2225 maestus
933 2183 959 2226 et

161 2257 279 2311 mugnus
289 2243 468 2310 cogitationis
477 2241 643 2294 manifestus
655 2247 728 2304 erat,
751 2243 875 2308 quumvis
885 2243 959 2296 lacti·

159 2315 230 2364 timu
243 2313 321 2380 rugis
335 2311 510 2364 sermonibus
525 2310 679 2362 sissiuluret.
714 2311 866 2364 Postremo
875 2315 957 2364 vulne·

159 2381 236 2433 eidus
246 2381 408 2450 ligamento,
434 2380 584 2449 quibusque·
594 2378 704 2430 sistitur
714 2378 841 2448 sanguis,
862 2397 958 2450 potare

160 2451 279 2504 eundem
289 2449 434 2503 Milichum
444 2455 551 2511 monet3
568 2447 752 2513 sivcgnarum
764 2450 957 2502 coniurationis

160 2527 190 2573 et
204 2521 271 2572 illuc
289 2533 377 2586 usque
392 2520 494 2590 lidum,
521 2531 570 2580 seu
584 2518 710 2568 nescium
724 2522 753 2568 et
765 2523 833 2568 tunc
847 2520 955 2582 primum

160 2590 285 2660 adreptis
295 2588 509 2656 suspicionibus,
526 2589 559 2636 ut
568 2583 696 2653 plerique
703 2585 847 2639 msdidesc
857 2587 890 2639 de
898 2602 953 2642 cou·
