2034 3025
147 153 183 208 22
241 150 856 226 fllsuoursnvmplausuum]
932 168 937 175 ⁴

147 252 213 306 huic
226 253 382 304 sententiae
392 252 503 312 Vinium
518 252 595 304 Laco
610 252 754 304 minaciter
767 255 883 318 invasit,
900 258 949 306 sti·

146 323 273 374 muiante
287 321 374 386 lcelo,
391 322 493 389 privati
509 321 566 373 odii
580 322 745 390 pertinacia,
761 323 792 374 in
808 323 948 391 publicum

146 392 271 444 exitium:
610 392 614 396 ’

197 459 324 513 XXXIV.
360 457 417 510 Nec
431 457 537 510 diutins
552 457 643 510 Galba
657 463 819 522 cunctatus,
845 461 949 528 specio

145 530 222 582 siora
243 527 424 580 suadentibus
443 529 567 579 accende
613 526 785 579 Praemissus
805 531 948 582 tamenin

124 659 126 666 χ
146 596 327 660 cestral’iso,
345 597 492 647 ntiuvenis
506 608 607 664 magno
618 597 742 660 nomine,
760 598 949 650 recentifano-

101 670 107 688 ‘
130 665 192 730 're,
210 671 238 719 et
247 665 373 717 infensus
382 666 417 717 Τ.
427 663 511 717 Vinio
522 680 572 716 scu
582 667 647 733 quia
655 671 730 728 erat,
750 681 801 718 seu
810 667 874 734 quia
882 669 948 728 irati

128 738 186 789 ita
195 734 340 798 volebant3
359 738 388 786 et
402 732 512 786 facilius
526 731 561 786 de'
577 734 640 785 odio
651 735 784 786 creditur.
819 733 873 787 Vix
882 735 948 788 dum

146 817 259 872 agresm
269 802 387 866 Pisone,
404 804 526 854 occisum
540 805 569 854 in
583 805 683 854 castris
692 802 845 867 Othonem,
861 819 948 872 vagus

100 931 103 938 ¹
145 873 438 940 primnmatincertus
447 885 556 923 rumor:
574 885 652 935 mox,
671 871 741 924 utin
755 875 947 941 maguismen·

145 942 241 1003 deciis,
258 939 418 993 interfuisse
427 955 457 992 se
468 941 580 1009 quidam
590 946 619 992 et
628 941 739 1004 vidisse,
754 943 947 1006 adfirmabant,

146 1010 261 1062 medula
270 1009 358 1062 Fama
371 1011 446 1062 inter
455 1011 609 1078 gaudentes
624 1014 654 1062 et
666 1012 828 1064 incuriosos.
864 1012 947 1064 Multi

79 1141 83 1146 ¹
145 1079 368 1142 arbitrabantur,
403 1080 587 1147 compositum
608 1084 776 1148 auctumque
798 1096 947 1145 rumorem,

145 1149 241 1200 mixtis
257 1150 313 1200 iam
329 1146 509 1213 Othonianis,
528 1149 576 1219 qui
590 1149 627 1202 ad
642 1150 811 1202 evocandum
830 1149 946 1202 Galbam

145 1217 223 1270 laeta
232 1215 305 1270 falso
314 1217 496 1284 vulgaverint.

198 1285 313 1340 XXXV.
349 1286 423 1340 'l‘um
433 1300 499 1339 vero
513 1299 570 1340 non
584 1287 706 1355 populus
714 1293 823 1339 tantum
834 1292 864 1339 et
871 1285 946 1354 inpe-

146 1356 202 1406 rita
210 1356 289 1422 pleb
299 1357 328 1406 in
338 1355 453 1422 plausus
463 1361 492 1408 et
501 1357 641 1411 inmodica
650 1357 751 1419 studia,
761 1357 947 1423 sequuitum

145 1424 273 1492 plerique
288 1439 321 1476 ac
332 1423 514 1490 Senatorum,
532 1429 625 1494 posito
635 1431 711 1477 metu
726 1426 843 1488 incauti,
861 1425 947 1477 refra-

146 1495 198 1547 ctis
208 1495 304 1562 palatii
321 1494 439 1561 foribus,
456 1510 539 1549 ruere
549 1498 637 1561 intus,
656 1512 729 1549 aose
739 1495 846 1548 Galbae
857 1500 948 1546 osten·

145 1569 222 1626 tare,
239 1569 415 1632 praereptam
429 1567 481 1618 sibi
491 1566 626 1619 ultionem
637 1571 794 1634 querentes.
828 1566 948 1632 ignavis-

64 1676 66 1681 ,
146 1633 358 1701 simusqnisque
370 1639 412 1696 et,
434 1640 466 1685 ut
476 1650 523 1687 res
533 1636 643 1697 docuit,
660 1638 690 1685 in
699 1633 824 1701 periculo
834 1648 890 1685 non
900 1648 948 1685 au·

145 1715 235 1763 surus,
253 1704 330 1753 nimii
341 1702 444 1765 vorbis,
462 1702 574 1769 linguae
585 1704 706 1754 feroces:
725 1717 807 1753 nemo
817 1703 901 1765 scire,
919 1709 950 1754 et

146 1774 241 1821 omnes
261 1770 535 1823 adfirmareadonec
548 1772 644 1837 inopia
662 1773 734 1832 neri,
762 1776 790 1821 et
811 1786 949 1837 consensu

145 1839 300 1891 errantium
310 1840 411 1901 victus,
428 1843 539 1904 sumpto
554 1836 683 1900 thorace,
703 1838 806 1902 Galba,
823 1841 951 1893 inruenti

144 1909 258 1969 turbae,
277 1922 366 1973 neque
382 1911 487 1969 aetate,
505 1920 596 1972 neque
611 1920 728 1971 corpore
744 1908 859 1972 sistens,
876 1908 952 1961 salla

145 1976 293 2029 levaretur.
329 1976 433 2028 Obvius
448 1977 475 2025 in
491 1974 597 2040 palatio
611 1973 699 2024 lulius
709 1975 831 2038 Atticus,
850 1992 951 2043 specu.

143 2046 231 2105 lator,
258 2048 403 2095 cruentum
423 2042 547 2111 gladium
567 2046 724 2105 ostentans,
752 2041 867 2108 onasum
883 2063 903 2097 a
923 2064 953 2101 se

145 2110 290 2173 Othonem,
308 2112 484 2165 exclamavit=
505 2116 534 2163 et
543 2110 646 2173 Galba,
669 2108 953 2181 nominumque,

162 2180 203 2233 uis
213 2180 311 2240 luenti
327 2182 430 2247 insigni
445 2182 538 2233 animo
553 2180 589 2233 ad
604 2179 786 2232 coercendam
797 2179 953 2237 militarem

156 2252 296 2313 icentiam,
306 2250 474 2301 minantibus
484 2249 649 2318 intrepidus,
659 2248 794 2301 adversus
803 2249 976 2307 blandien«

143 2326 186 2372 tes
198 2322 387 2388 incnnruptus.

195 2388 323 2442 XXXVI.
358 2388 443 2441 Haud
462 2389 562 2441 dubiae
582 2388 687 2439 iamin
707 2387 805 2440 castris
824 2391 954 2444 omnium

143 2464 264 2511 mentes:
282 2463 432 2525 tantusque
443 2456 537 2521 ardor,
555 2462 652 2508 utnon
662 2458 787 2509 contenti
798 2460 910 2525 agmins
922 2466 955 2513 et

145 2528 320 2593 corporibus,
343 2528 371 2577 in
386 2532 532 2594 suggestu,
554 2527 583 2575 in
599 2542 654 2595 quo
668 2526 763 2594 paullo
777 2532 843 2579 ante
862 2542 957 2582 aurea

122 2610 128 2626 ¹
145 2596 253 2647 Galbae
269 2601 363 2647 statua
379 2593 485 2660 fuerat,
503 2594 797 2664 mediumintersigna
807 2594 936 2659 Othone-2

153 2666 253 2717 ‘culillis
270 2665 482 2717 circumdarent.
518 2663 578 2716 Nec
592 2666 725 2719 Tribunis
739 2670 789 2716 aut
804 2654 935 2718 tlentutlll

841 2767 951 2884 Φι

946 2905 971 2994 ἶ
