2034 3025
151 102 205 160 su
276 60 834 197 ANNlhlthAfflro.A.c.65.]
882 124 884 132 ν

151 218 284 275 sectatur,
297 213 416 274 Monesi,
424 211 513 262 nobili
522 211 595 273 viro,
605 209 734 271 tradidit,
746 209 862 260 adiectis
873 211 960 262 Adia·

45 272 49 279 ¹
113 278 115 281 ’
150 285 286 335 benorum
299 280 422 332 auxiliisz'
442 279 650 347 mandavitque,
662 277 813 348 -Tigrjanen
828 277 961 349 Armenia

105 369 107 371 ’
151 350 392 414 exturbari„dum
402 349 735 416 ipse,‚pdsitis‘adrersus
744 349 895 414 Hyrcanos
905 349 963 400 dis.¹

153 420 267 482 cordiis,
286 421 361 485 vires
370 421 495 481 intimas,
513 417 669 485 molemque
680 416 752 490 belli
759 419 824 480 ciet,
844 421 957 485 provin·

152 489 205 539 ciis
217 490 351 540 Romanis
359 488 504 538 minitans.
765 539 772 544 .
846 527 848 532 .

215 557 261 608 lll.
290 553 368 619 (luae
386 556 434 607 ubi
454 553 606 606 Corbuloni
625 554 710 604 certis
731 555 839 606 nuntiis
857 555 957 609 audita

88 614 94 620 ⁸
119 677 122 681 ,
152 632 233 687 suut,
244 626 381 694 legiones
392 625 461 677 diras
472 639 534 675 cum
544 621 686 676 Verulano
698 620 802 674 Severo
814 628 843 674 et
852 625 954 679 Vettio

151 692 260 745 Bolano
272 694 425 745 subsidium
431 693 550 760 Tigrani
560 692 659 754 mittit,
671 691 781 743 occulto
791 699 954 760 praecepto,

152 761 323 829 compositior
333 770 441 824 cuncta,
450 758 728 831 quamsestinantius,
740 770 862 828 agerent.
874 763 954 828 quip-

151 846 187 897 pe
198 830 301 882 bellum
311 830 425 893 habere,
446 843 528 895 quarn
543 842 644 895 gerere
659 829 791 879 malebat.
828 828 953 896 Scripse-

152 904 252 966 ratque
267 900 389 962 Caesari,
404 897 520 966 proprio
533 895 607 948 Duce
626 913 691 964 opus
712 913 776 958 csse,
796 897 952 961 quirinae-

150 966 225 1020 m'am
234 966 538 1037 defenderet:.Syriam‚
553 966 697 1035 ingruente
714 963 848 1032 Vologese,
864 966 952 1018 acrio·

150 1052 181 1086 re
190 1035 219 1088 in
229 1035 380 1088 discrimine
391 1051 454 1087 erre.
489 1037 580 1102 Atque
595 1036 710 1086 interim
727 1035 852 1102 reliquas
863 1034 951 1102 legio·

150 1119 201 1156 nes
211 1119 263 1170 pro
273 1106 336 1175 ripa
344 1103 495 1172 Euphratis
505 1105 593 1155 locat:
614 1103 824 1160 tumultuariam
839 1106 951 1170 provin-

149 1173 259 1234 cialium
270 1189 383 1226 manum
392 1177 495 1226 armat:
514 1173 632 1224 hostiles
643 1175 788 1240 ingressus
798 1172 949 1240 praesidiis

148 1241 301 1308 intercipit.
353 1275 356 1279 Δ
506 1300 512 1308 ι
901 1275 902 1279 ,

200 1310 252 1377 IV,
268 1313 312 1374 Et,
333 1309 504 1380 quiaegena
518 1325 652 1380 aquarum
668 1312 747 1379 regio
758 1311 812 1373 est,
833 1309 948 1361 castella

147 1377 274 1431 fontibus
289 1381 425 1447 inposita:
444 1382 580 1448 quosdam
597 1382 678 1444 rivos¹
689 1384 824 1448 congestu
844 1387 948 1443 urenae

116 1456 129 1498 ,’
148 1448 264 1498 abdidit.
287 1442 418 1502 'En‘dum
435 1465 452 1500 a
463 1451 625 1517 Corbulone¹
640 1450 762 1517 tuendae
783 1447 948 1515 Syriaepa-

147 1523 258 1581 rantur,
274 1523 337 1570 acto
348 1512 450 1585 ruptim
461 1514 947 1586 agmine'Mon'eses,{'ut‘iamams'ui
964 1530 966 1534 ·

17 1622 21 1628 2
50 1649 57 1653 s
119 1623 122 1628 -
146 1586 286 1653 praeiret,
306 1604 363 1640 non
380 1588 445 1639 ideo
456 1589 579 1639 nescium
591 1590 791 1638 eutincautum
801 1588 947 1653 Tigranen

127 1654 275 1707 'offendit
312 1657 502 1722 occupaverat
517 1658 728 1721 Tigranocerta,
748 1655 846 1713 urbem
866 1654 948 1719 copia

148 1722 329 1776 defensorum
340 1730 369 1775 ct
379 1722 572 1789 magnitudine
583 1723 724 1771 moenium
739 1719 868 1769 validam.
904 1721 948 1771 Ad

146 1788 217 1843 haee
226 1792 420 1859 Nicephorius,
431 1792 520 1841 amnis
532 1788 605 1838 haud
615 1786 774 1854 spernenda
782 1786 946 1853 latitudine,
966 1814 969 1818 ·

165 1865 255 1911 artem
265 1876 409 1912 murorum
421 1857 521 1917 ambit:
542 1862 571 1907 et
582 1856 664 1907 ducta
675 1856 774 1921 ingens
785 1853 871 1919 fossa,
890 1874 947 1925 qua

145 1875 229 1981 husin
249 1928 434 1981 diffidebstur.
478 1926 649 1991 inerantque
669 1925 774 1975 milites
795 1930 823 1976 et
837 1928 945 1993 provisi

146 2002 212 2048 unte
232 2003 415 2065 commentust
434 2010 551 2064 quorum
571 1996 705 2047 subvectu
723 1996 817 2062 pauci,
837 1994 945 2047 avidius
997 2038 1009 2053 ,

144 2068 289 2133 progressi
298 2081 328 2117 et
337 2062 626 2132 repentinishostibus
637 2064 824 2129 circumuenti,
835 2066 879 2116 ira
888 2079 946 2115 ma·

145 2134 198 2201 gis,
218 2150 301 2201 qrram
311 2140 397 2197 metu,
416 2133 734 2201 ceterosaccenderant.
771 2132 827 2185 Sed
837 2132 944 2184 Partho

62 2218 66 2232 ·
146 2203 182 2253 ad
193 2201 386 2272 exsequendas
406 2202 568 2255 obsidiones
585 2196 801 2256 uulle'cominus
818 2202 947 2265 audacia,

144 2275 216 2323 raris
227 2276 354 2340 sagittisz
372 2288 464 2341 neque
474 2272 583 2323 clausos
595 2266 730 2335 exterret,
747 2276 776 2321 ct
785 2276 876 2322 semet
887 2270 943 2321 fru-

145 2345 261 2392 stratur.
297 2342 441 2404 Adiabeni,
457 2358 518 2393 cum
528 2356 692 2407 promovere
703 2340 793 2391 scalas
803 2345 832 2390 et
842 2338 942 2391 machi·

145 2416 279 2479 nements
289 2411 454 2478 inciperent,
463 2410 546 2462 facile
557 2410 674 2474 detrusi,
684 2424 760 2472 mox,
771 2409 941 2475 erumpenti-

143 2475 196 2531 bus
207 2481 322 2541 uostris,
332 2481 493 2535 caeduntur.
693 2516 699 2529 ,

196 2547 230 2599 V.
249 2548 370 2601 Corbulo
380 2557 484 2610 tannen,
502 2549 628 2615 quamvis
639 2546 768 2599 secundis
780 2546 862 2597 rebus
874 2546 943 2610 suis,

144 2614 495 2692 nodersndnmtortunae
516 2616 603 2682 ratus,
623 2618 700 2669 misit
721 2615 756 2667 ad
770 2614 941 2689 Vologesen,
