2034 3025
56 67 225 211 *cresin
244 89 455 166 onero-'ru
474 114 630 181 [nuso.
649 116 719 169 no.
731 121 783 186 7o.]
804 122 853 175 rer

55 223 92 278 do
101 222 279 289 consumpsit.
315 218 380 273 nmx'
393 214 541 290 utrumque
552 226 695 276 consilium
707 225 854 293 adsperna-

53 300 116 357 tus,
142 292 216 359 quod
226 292 300 343 inter
309 292 441 358 ancipitia
450 292 630 344 deterrimum
643 298 699 355 est,
723 294 788 345 dum
799 309 854 347 me·

53 359 245 427 discoquitur,
264 375 315 411 nec
325 375 408 410 nurus
420 366 462 411 est
471 363 549 423 satie,
569 377 619 413 nec
630 362 759 428 providit.

105 429 180 482 XLI.
197 428 291 480 Missis
300 428 487 482 adVitellium
497 428 609 493 litteris,
619 431 751 482 auxilium
762 438 854 498 postu·

51 496 101 552 let
136 496 244 550 Venere
258 502 316 549 tres
329 495 458 549 cobortes
472 512 535 549 cum
551 498 596 550 alu
605 498 777 551 Britannica:
808 516 853 553 ne·

52 564 853 703 tltllbftltllblllt’.introitionis·

51 701 169 753 infamia
179 702 276 765 ceruit,
287 716 342 771 quo
352 704 442 754 minus
451 718 549 769 repere
559 704 678 756 inlicitae
688 704 853 771 voluptates,

52 769 253 838 adulteriisque
271 786 304 823 ec
322 774 426 838 stupris
444 773 570 837 polluere
588 772 726 840 hospitum
747 774 853 836 domus,

52 839 224 891 crederetur.
259 841 376 893 ederent
384 842 464 893 viset
473 844 593 908 pecunia
605 844 750 893 etruentis
767 842 854 895 fortu-
948 856 952 865 ·

51 921 107 959 nae
128 909 278 961 novissime
300 908 394 962 iibido.
439 909 567 963 Adventu
593 910 703 963 denium
728 912 852 977 peditum

52 976 233 1046 equitumque
244 980 363 1045 pravitas
373 978 482 1029 consilii
493 980 596 1044 patuit,
616 983 681 1047 quia
692 994 741 1031 nec
751 981 853 1033 vadere

50 1041 208 1166 ribi?
217 1042 853 1168 ‘iblllltrrtllilrioltl“filiii

50 1185 146 1232 tamen
166 1148 202 1233 et’
218 1154 376 1247 praesentis
396 1182 482 1233 Ducis
506 1185 663 1233 reverentia
682 1185 852 1247 morabatur,

50 1247 127 1302 houd
146 1249 279 1301 diuturna
297 1249 408 1302 vinculo
421 1250 495 1315 apud
509 1250 605 1301 avidos
620 1252 807 1317 periculorum
824 1258 862 1305 et'

50 1315 198 1370 dedecoris
217 1332 338 1371 securos.
372 1319 413 1369 iio
433 1324 522 1380 metu,
549 1317 678 1391 cobortes
697 1320 851 1389 Ariminum
933 1336 936 1343 ’

49 1388 214 1453 praemittit,
229 1387 301 1437 elam
312 1385 385 1438 tueri
394 1388 573 1453 tergajubet:
588 1388 656 1451 ipse,
668 1390 772 1452 paucis,
802 1403 853 1439 uos

49 1452 169 1505 adversa
178 1468 235 1504 non
246 1449 429 1517 mutaverant,
445 1455 650 1518 comitantibus,
665 1404 853 1507 flexitinilm·

49 1521 157 1585 briam,
183 1527 268 1588 etque
279 1523 344 1574 inde
354 1524 508 1575 Etruriam:
534 1524 594 1586 ubi,
621 1525 852 1591 cognitopugnac

50 1588 248 1641 Cremonensis
257 1595 368 1654 eventu,
378 1606 433 1641 non
440 1592 581 1657 ignavum,
592 1595 630 1655 et,
640 1595 663 1642 si
673 1595 853 1661 provenisset,

49 1661 133 1710 atrox
143 1657 288 1710 consilium
298 1659 370 1721 iniit,
387 1663 428 1721 ut,
449 1659 571 1725 adreptis
581 1661 705 1724 navibus,
718 1661 747 1710 in
759 1676 851 1727 quam-

49 1738 160 1794 cunque
182 1733 289 1795 partem
315 1726 505 1779 Narbonensis
529 1729 685 1793 provinciae
713 1743 852 1797 egressus,

49 1791 159 1848 Gallius
169 1802 197 1848 et
211 1797 350 1850 exercitus
363 1801 393 1848 et
405 1795 571 1848 Germaniae
580 1801 679 1866 gentes
693 1811 851 1868 novumque

48 1863 155 1918 bellum
166 1866 261 1918 cieret.

100 1932 188 1986 xnu.
206 1933 342 2002 Digresso
351 1931 479 1996 Valente,
487 1931 621 1999 trepidos,
639 1934 685 2001 qui
696 1933 847 1986 Ariminum

49 2001 198 2065 mebant,
227 2001 499 2065 CorneliusFuscos,
533 2002 793 2066 admotoexercitu,
822 2013 851 2056 et

50 2070 142 2120 missis
152 2084 203 2137 per
213 2071 340 2137 proxima
348 2070 460 2134 litorum
470 2069 633 2133 Liburnicis,
644 2073 849 2139 terranierique
926 2117 930 2124 .

51 2138 239 2190 circumvenit.
275 2138 451 2205 occupantur
465 2137 548 2205 plana
558 2137 687 2192 Vmbriae
703 2145 796 2208 etqua
806 2142 848 2192 Pl·

51 2216 137 2258 cecus
149 2219 219 2274 ager
231 2206 318 2258 Adria
336 2205 466 2258 adluitur.
501 2207 648 2274 omnisque
662 2208 755 2270 ltalia,
774 2211 848 2260 iuter·

49 2272 253 2343 Vespasianum
263 2291 297 2328 ac
306 2275 462 2337 Vitellium,
480 2275 617 2340 Apennini
627 2278 700 2343 iugis
710 2275 847 2329 dividebs·

49 2349 105 2396 tur.
140 2343 244 2397 Fabius
254 2343 373 2408 Veiens,
393 2344 481 2394 esinu
491 2343 609 2406 Pisano,
628 2346 850 2409 saevitiemerie,

1 2441 2 2456 ι
50 2411 378 2475 cursoremntevento,
397 2411 511 2464 Portum
521 2412 651 2464 Herculis
660 2413 789 2466 Monoeci
801 2414 847 2466 de-

1 2464 2 2518 l
49 2481 170 2549 pellitur.
206 2479 280 2533 haud
291 2479 389 2548 procul
399 2480 465 2532 inde
480 2481 582 2548 agebat
591 2481 698 2532 Marius
709 2481 847 2544 bisturue,

50 2549 159 2616 Alpium
169 2551 372 2602 maritimarum
382 2549 561 2612 Procurator,
577 2547 648 2600 fidus
659 2549 784 2613 Vitellio,
803 2565 847 2602 cu·

51 2620 321 2685 torneamentum,
340 2619 448 2673 cuncti·
458 2613 706 2684 ureuhostilibm,
725 2616 845 2671 nondum
