2034 3025
132 95 206 187 „228
275 109 502 164 annnorum
520 108 674 175 [inem.
692 107 725 160 A.
736 110 766 160 c.
776 107 831 178 47.]

150 204 286 255 Praetor.'
312 205 386 272 quod
395 221 450 256 non
459 207 593 256 iactantia
602 203 712 266 refero,
722 205 771 261 sed
782 205 846 271 quia
857 206 953 257 conlo.

149 275 196 340 gio
207 273 457 333 Quindecimvirum
468 270 621 338 antiquitus
632 287 665 323 ea
674 287 751 335 eura,
766 279 795 323 et
804 273 953 339 Magistra-

149 345 196 390 tus
205 341 374 410 potissimum
383 343 605 410 exsequebantur
615 339 953 392 officiaoaerimuniarum.

54 469 62 476 ,
152 406 275 462 sedente
286 409 411 472 Claudio,
431 411 599 460 circensibus
610 409 692 472 ludis,
713 424 773 459 eum
784 410 863 473 pueri
874 410 952 459 nobi·

149 476 193 528 les
202 479 278 544 equis
289 477 425 528 ludicrum
436 479 538 528 Troiae
552 479 669 538 inirent,
688 480 815 543 interque
830 491 879 528 eos
890 477 951 526 Bri·-

151 548 287 614 tannieus,
306 547 480 610 lmperatore‘
488 547 611 611 genitus,
630 551 660 596 et
670 544 702 594 L.
711 545 866 607 Domitius,
886 545 952 608 ado·⁴

151 615 246 680 ptioae
267 626 331 663 mox
350 615 379 663 in
399 615 548 678 Imperium
565 619 597 664 et
608 618 820 681 cognomentum
830 611 951 663 Neronis

153 681 284 742 adscitus,
294 679 374 731 favor
384 681 472 746 piebis
482 684 573 733 aerior
582 685 610 732 in
622 681 783 740 Domitium,
797 681 860 730 loeo
872 694 952 746 praa·

152 749 221 814 sagii
237 754 366 814 aceeptus
382 755 432 817 est.
468 751 701 816 vulgabaturque,
724 748 845 818 adfinium
859 747 953 817 inson-

72 819 78 826 ”
153 819 210 868 tiae
225 815 281 868 eius
297 815 467 870 draconetus
484 819 589 870 modum
604 822 760 885 custodum,
780 824 907 877 sabulosa
928 832 958 880 et?

111 921 117 930 .
154 885 277 936 externis
287 887 429 938 miraculis
441 886 615 939 adsimulata.
651 903 714 940 nam
725 892 798 956 ipse,
815 891 955 962 haudqua-

154 969 235 1019 quam
247 956 293 1006 sui
306 954 461 1016 detractor,
480 971 565 1006 unam
580 958 694 1008 oninino
708 974 825 1029 unguem
837 960 867 1014 in
881 963 954 1016 rubi·

90 1059 93 1066 ,
153 1023 213 1091 rulo
224 1020 316 1084 vitain,
326 1037 441 1076 narrare
451 1023 552 1074 solitus
562 1031 613 1076 est.
656 1027 660 1042 '
744 1032 747 1037 ’
819 1078 821 1081 .

207 1089 268 1152 ΧΗ.
288 1091 392 1161 Verum
406 1096 548 1148 inclinatio
563 1097 659 1163 populi
668 1101 823 1163 supererat,
853 1109 888 1146 ex
898 1094 956 1147 me·¹

157 1160 246 1222 moria
257 1159 428 1225 Germanici,
455 1167 534 1216 cuius
548 1166 599 1216 iila
608 1167 719 1231 reliqua
732 1163 842 1215 suboles
851 1163 956 1213 viriiisx

119 1237 123 1246 ‘
157 1233 186 1276 et
197 1229 279 1296 matri
289 1229 454 1296 Agrippinae
469 1235 610 1284 miseratio
625 1235 790 1300 augebatur,
818 1232 853 1282 ob
869 1233 956 1281 saevi-

157 1296 225 1346 tiam
237 1293 424 1350 Messallinae:
445 1317 516 1368 quae
527 1316 635 1367 semper
644 1301 754 1365 infesta,
771 1307 800 1352 et
808 1305 874 1350 tunc
883 1313 956 1373 com-

157 1363 271 1425 motior,
300 1380 355 1432 quo
369 1369 459 1418 minus
469 1375 590 1422 strueret
600 1372 717 1422 ermnina
731 1376 759 1421 et
773 1372 956 1427 recusatores,

157 1444 231 1482 noro
248 1431 376 1486 et'furori
387 1438 512 1503 proximo
524 1453 618 1492 amore
629 1440 812 1493 detinebatur.
848 1434 917 1491 Nam
926 1437 955 1484 in

159 1499 188 1551 C.
199 1497 310 1565 Silium,
339 1504 490 1571 iuventutis
505 1507 645 1561 Romanae
660 1506 888 1575 pulcherrimum,
917 1505 958 1558 ita

158 1577 314 1633 exarserat,
342 1574 496 1626 utiuniam
517 1576 652 1638 Silanam,
681 1576 802 1627 nobilem
817 1574 958 1634 feminam,

158 1641 337 1691 matrimonio
353 1644 411 1692 eius
422 1646 596 1707 exturbaret,
614 1658 757 1709 vacuoque
773 1642 901 1693 adultero
911 1656 958 1706 po·
1009 1641 1014 1651 ⁴

158 1709 268 1757 tiretur.
305 1708 400 1775 Neque
421 1708 504 1761 Silius
523 1712 622 1778 flagitii
645 1717 694 1762 aut
712 1709 827 1775 periculi
846 1712 959 1759 nescius

160 1780 233 1823 erat:
251 1775 300 1826 sed
311 1782 397 1837 certo,
416 1779 440 1826 si
450 1780 594 1840 abnueret,
612 1780 707 1838 exitio,
723 1782 752 1827 et
762 1776 895 1826 nonnulla
906 1777 959 1827 tal·

158 1840 304 1911 lendispe,
324 1844 407 1897 simul
416 1848 522 1911 magnis
534 1847 671 1911 praemiis,
693 1841 919 1909 opperirifutura
929 1852 960 1897 et

158 1910 349 1973 praesentibus
360 1911 429 1974 frui,
448 1928 497 1979 pro
508 1915 609 1965 solatio
624 1912 753 1963 habebat:
772 1911 824 1960 iila
834 1923 889 1959 non
900 1911 959 1962 sur-

158 1980 222 2038 tim,
244 1978 293 2028 sed
303 1980 390 2032 multo
401 1982 533 2031 comitatu
542 1982 680 2032 ventitare
693 1981 821 2041 domum,
841 1982 959 2045 egressi·

81 2108 92 2117 -
158 2046 211 2097 bus
222 2044 434 2115 edhaeresoere3
451 2048 546 2114 largiri
556 2065 635 2117 opes,
654 2049 786 2101 honores:
805 2053 958 2112 postremo,

160 2114 237 2165 velut
246 2114 382 2167 translata
390 2120 445 2167 iam
457 2116 582 2180 fortuna,
608 2120 693 2183 servi,
715 2118 822 2178 liberti,
840 2121 957 2181 paratus

157 2180 293 2249 ‚Principis
303 2186 375 2249 apud
386 2185 542 2238 adulterum
552 2188 719 2239 visebantur.
802 2192 810 2206 ‘'
905 2199 909 2207 ’

213 2252 283 2305 xiii.
301 2256 337 2303 nt
347 2254 486 2319 Claudius,
495 2258 665 2319 matrimonii
676 2258 718 2307 sui
729 2257 851 2321 ignarus,
861 2257 890 2303 et
899 2267 956 2302 mu-

159 2322 207 2371 nia
218 2322 351 2373 Censoria'
361 2318 510 2390 usurpans,
539 2325 700 2378 theatralem
713 2321 809 2391 populi
818 2319 957 2373 lascivium

159 2391 262 2441 severis
281 2391 378 2445 edictis
395 2394 547 2461 increpuit,
582 2394 697 2462 quadiu
716 2394 751 2445 P.
770 2389 957 2456 Pomponium,

160 2454 342 2523 Consularem,
359 2461 393 2523 <is
404 2468 527 2515 carmina
535 2479 635 2516 scenae
646 2464 739 2526 dabat)
750 2457 957 2531 inquesemtnas

157 2525 294 2591 inlustres,
308 2528 410 2597 probra
419 2530 528 2584 iecerat.
559 2536 595 2585 Et
605 2530 666 2601 lege
677 2534 735 2583 lata
746 2530 887 2582 saevitiam
898 2538 963 2576 ere··

159 2596 279 2651 «litorum
295 2602 430 2666 coercuit,
457 2618 489 2656 ae
503 2602 533 2655 in
547 2612 664 2655 mortem
670 2609 815 2669 parentum
825 2597 958 2666 peruium
