2034 3025
124 135 205 190 [ΑΒ.
215 134 473 209 tricare-5.
493 136 536 203 [A.
546 139 580 189 V.
592 142 649 207 773.
667 137 698 190 A.
709 140 740 193 C.
751 139 806 208 nm]
836 138 883 195 l⁰l

43 260 46 265 ·
73 258 112 294 nn
120 258 138 304 ,¹
148 256 198 305 ne,
219 242 341 292 omnium
357 239 444 291 oculis
457 242 564 294 vultum
578 256 676 293 eorurn
691 246 887 305 scrutantibus.

38 313 42 316 ’
72 310 141 364 falsi
156 305 396 377 intelligerentur.
433 310 556 363 Matrem
575 312 724 364 Antoniam
740 328 795 365 non
812 314 885 381 apud

73 385 207 433 admones
216 394 323 443 rerum,
334 396 389 431 noo
400 379 502 431 diurna
512 386 638 432 actorum
648 383 800 447 scriptura,
810 396 887 449 repe·

71 453 132 514 rio,
141 450 201 500 ullo
211 452 312 515 insigni
322 448 414 500 officio
425 448 562 515 fisnetam3
582 464 659 513 eum,
669 464 754 517 super
763 451 886 519 Agrippi·

73 536 145 575 nam,
157 523 187 570 et
197 519 319 569 Drusum
330 525 361 570 et
370 518 530 582 Claudium,
551 520 639 571 ceteri
650 533 761 587 quoque
772 534 887 571 consan-

73 589 171 656 guinei
195 590 359 640 nominatim
385 590 532 656 perscripti
557 591 626 639 sint:
656 604 707 641 seu
725 588 887 641 valetudine

72 656 326 725 praepediebatur,
346 672 395 709 sen
409 660 497 709 victus
514 658 591 710 luctu
601 658 709 709 animus
719 658 888 725 magnitudi-

74 742 141 780 nem
156 726 225 777 mali
242 727 369 791 perferre
383 728 445 777 risu
454 742 510 779 nou
519 727 692 780 toleraverit.
710 726 819 779 facilius
830 741 887 779 cre·

75 797 210 858 diderint,
229 797 344 847 'liberio
361 802 389 847 et
399 798 535 865 Augusta,
554 798 602 864 qui
612 796 695 848 domo
706 812 760 849 non
771 796 886 849 excede·

76 866 158 928 bant,
179 864 345 937 cohibitam,
364 870 397 915 ut
406 880 457 932 par
466 878 592 928 maeror,
609 872 638 919 et
647 867 745 919 matris
756 866 886 934 exemplo

77 937 140 986 aria
169 949 259 1001 noque
270 940 297 987 et
308 940 424 1000 patruus
434 937 547 986 attineri
558 936 729 988 viderentur.

126 950 179 1055 dii.
208 1004 291 1066 Dies,
312 1018 365 1077 quo
381 1003 518 1070 reliquiae
533 1006 774 1073 tumulo,lugusti
785 1005 887 1057 iniere·

75 1072 195 1136 bantur,
209 1072 293 1125 modo
304 1087 355 1138 per
365 1073 505 1123 silentium
516 1080 625 1137 vastus,
635 1074 718 1127 modo
729 1075 886 1142 ploratibus
907 1132 909 1143 ¹

76 1144 198 1208 inquies:
211 1141 381 1207 plenaurhis
389 1144 500 1203 itinera,
510 1142 688 1195 conlucentes
698 1158 748 1211 per
758 1158 884 1211 campum

28 1227 33 1239 ¹
77 1212 181 1263 Martis
198 1211 283 1262 iaces.
307 1210 365 1261 illic
380 1212 457 1263 miles
469 1226 531 1261 cum
543 1214 641 1275 ermis,
661 1214 720 1265 sine
730 1214 885 1281 insignibus

77 1280 885 1351 magistratus,populuepertribus,condiisssllsmpull„
957 1272 968 1299 ‘

78 1346 150 1400 aibs'l
156 1348 212 1415 spei
222 1350 367 1414 reliquum,
378 1350 571 1414 clamitabant3
586 1354 739 1417 promptius
750 1356 886 1417 apertius-

63 1434 145 1486 que,
169 1433 251 1485 quam
276 1424 308 1470 ut
330 1422 489 1470 meminisse
507 1421 727 1485 imperitantium
747 1420 886 1473 crederes.

75 1486 153 1542 Nihil
162 1492 257 1540 tamen
267 1489 410 1540 Tiberium
421 1490 510 1555 magis
521 1490 687 1554 penetravit,
698 1503 781 1555 quam
792 1489 887 1540 studia

73 1557 220 1610 hominum
230 1573 347 1609 accensa
355 1560 383 1608 in
393 1559 586 1624 Agrippinam
608 1571 670 1608 cum
681 1557 760 1609 decus
765 1557 886 1624 patriae,

13 1631 17 1636 “
72 1631 162 1681 solum
172 1625 295 1696 Augusti
308 1627 482 1696 sanguinem,
497 1626 608 1678 unicum
620 1625 796 1692 antiquitatis
805 1626 887 1694 speci·

72 1713 135 1755 meu
149 1696 338 1762 adpellerent,
362 1699 491 1764 versique
503 1695 538 1748 ad
553 1696 668 1752 coelum,
679 1710 713 1748 aa
726 1695 804 1747 Deos
818 1695 887 1749 ints·

70 1782 157 1836 gram
170 1765 215 1817 illi
229 1765 359 1831 muntem,
378 1781 413 1819 ac
428 1765 600 1833 superstitem
608 1764 776 1834 iniquarum,
791 1781 885 1838 precn-

71 1841 183 1888 rentur.

124 1905 161 1958 V.
180 1903 282 1968 Fuere,
288 1905 335 1973 qui
341 1903 447 1971 publici
450 1903 562 1975 fitteris
568 1919 696 1972 pompam
706 1905 884 1971 requirerent,

71 1982 335 2041 compararentque,
340 1989 408 2038 quae
418 1973 447 2025 io
456 1972 588 2036 Drusum,
594 1984 704 2040 patrem
718 1973 884 2040 Germanici,

71 2043 179 2096 honora
194 2050 222 2094 et
237 2041 384 2124 magnifica
395 2041 536 2111 Augustus
546 2043 670 2116 fecisset.
688 2043 777 2110 ipsum
787 2043 885 2112 quippe

72 2111 226 2180 asperrimo
247 2110 342 2163 humus
355 2109 483 2166 Ticinum
501 2127 779 2181 usqueprogressum,
799 2127 884 2178 aeque

72 2182 262 2236 abscedentem
281 2197 300 2232 a
317 2197 427 2248 corpore
447 2180 529 2233 simul
546 2181 638 2234 urbam
652 2181 812 2236 intrauisse:
832 2181 886 2234 cis·

73 2251 217 2324 cusnfiasas
237 2252 307 2302 lecto
330 2249 507 2302 Claudiorum
524 2247 717 2317 Liuiorumquc
734 2248 884 2321 imagines.-

74 2320 204 2390 deflctum
212 2319 329 2390 infero,
349 2319 490 2371 laudatum
497 2335 550 2386 pro
560 2318 672 2372 rostris:
691 2328 790 2372 cauata
799 2337 816 2372 a
827 2335 884 2373 nta-

71 2389 179 2443 ioribus
189 2396 369 2456 reperta,aut
378 2405 447 2455 quae
453 2386 558 2455 posteri
567 2387 727 2452 invenerint,
737 2391 884 2440 cumulata.

73 2457 113 2512 Aa
124 2457 293 2513 Germanica
308 2475 342 2511 ae
352 2457 446 2511 solitos
456 2457 576 2524 quidem,
595 2465 622 2508 et
633 2456 790 2522 cuicuntqua
800 2456 885 2508 nobili

73 2529 179 2582 debitas
194 2525 322 2590 bonores,
342 2526 500 2596 contigisse.
537 2522 886 2591 Sauecorpas,abloagia·

73 2598 210 2669 quitatem
227 2595 367 2661 itinerans,
387 2594 508 2649 externis
523 2593 604 2648 terris
620 2609 725 2716 quoquo
740 2589 816 2642 mado
830 2603 886 2665 prs·

73 2677 196 2724 matum.-
213 2666 617 2745 sedtautopluradecoramox
628 2661 667 2716 tri
685 2659 777 2730 utpm
784 2655 886 2730 fimus
