2034 3025
79 103 249 159 rnnxrr.
268 104 465 160 enno-11.
484 108 640 176 [nvem
657 111 795 182 aem]
812 115 868 172 ato
908 106 917 124 ⁸

57 213 202 282 signatum
213 210 371 274 Consulem,
384 212 549 280 Memmium
557 211 729 278 Pollionem,
745 217 871 285 ingemi·-
953 256 960 270 .

58 283 111 334 bus
123 281 266 346 promissis
276 279 421 343 inducunt,
435 284 605 334 sententiam
615 297 792 349 expromere,
810 301 867 354 qen

57 353 191 401 oraretur
210 348 360 411 Claudius,
387 349 550 416 despondere
569 347 713 405 Octaviam
732 349 865 408 Domitia.

57 419 132 486 quod
142 419 229 469 aetati
240 419 385 485 utriusque
396 433 452 470 non
463 419 623 482 absurdum,
633 426 662 472 et
671 421 780 472 maiora
788 429 866 488 pate-

54 487 196 538 sucturum
207 492 276 538 erat.
311 486 402 538 Pollio
413 485 486 540 haud
497 487 654 554 disparibus
662 489 763 553 verbis,
774 503 807 540 ae
815 505 866 544 rru-

54 570 105 623 per
118 555 261 618 Vitellius,
280 561 389 608 censet:
408 555 656 625 despondeturque
675 558 806 622 Octavia,
822 557 865 623 dc,

54 639 139 690 super
149 626 271 691 priorem
282 625 527 690 necessitudinem,
541 641 660 693 sponsus
670 628 726 679 iem
737 633 767 679 et
776 643 865 696 gener

53 693 213 757 Domitius,
233 694 349 760 aequari
363 693 538 766 Bpitannieo,
558 696 659 746 studiis
672 697 781 761 prauis,
801 703 864 749 erte

55 777 162 882 eorum,
173 764 245 829 quis,
257 763 455 816 obaeeusatem
462 763 665 830 Messaliinam,
675 764 747 818 ultio
757 781 792 818 ex
803 764 863 818 iilio

53 833 121 883 time
143 838 217 884 atur.

105 901 141 952 X.
161 899 217 952 Per
235 899 310 952 idem
324 904 435 968 tempus
451 899 539 970 legati
548 901 715 956 Parthorum
729 903 766 956 ad
781 918 864 972 expe·

54 970 181 1034 tendum,
202 975 235 1021 ut
248 969 342 1030 retuli,
361 969 548 1023 Meherdaten
564 973 652 1035 oderi,
671 972 806 1026 Senatum
819 977 862 1026 in·

54 1040 230 1104 gradiuntur,
250 1039 437 1106 mandataque
452 1041 481 1090 in
492 1037 565 1091 hunc
579 1042 691 1092 modum
711 1043 862 1108 incipiunt:

52 1107 111 1161 Noa
121 1107 280 1181 refoederir
290 1107 416 1177 Querar,
435 1124 484 1161 nec
497 1107 648 1227 dVesectione
657 1126 675 1162 a
684 1110 799 1182 familia
809 1110 863 1165 Ar·

50 1177 209 1241 recideram
219 1175 326 1238 etnim
343 1177 485 1246 redfiie'um
525 1178 863 1246 ononir,nepatem1'dra·

51 1245 137 1310 datir,
148 1247 273 1299 accedere
283 1247 409 1298 adversae
420 1245 628 1301 dominationem
642 1248 779 1314 Gotarzie,
788 1247 863 1302 uadi-

51 1315 131 1382 litatd
138 1314 262 1381 plebique
270 1315 352 1368 iuxta
362 1315 570 1368 intolerandam.
605 1317 666 1369 lam
673 1317 794 1388 fratrer,
804 1317 862 1370 dam

46 1383 225 1452 propinquet,
235 1379 292 1436 ium
301 1385 408 1454 longius
419 1385 494 1447 citae,
505 1386 631 1437 caeditur
642 1387 801 1438 externae.-
816 1385 863 1438 ad-

50 1453 100 1504 ie'ci
110 1452 239 1523 caniugee
247 1453 388 1523 gravidas,
408 1453 505 1505 liberm
516 1469 625 1521 param,
645 1455 707 1506 dum
717 1469 807 1506 secere
817 1454 862 1506 do·

52 1523 99 1587 mi,
111 1522 189 1575 bellio
198 1523 349 1596 infaurtut,
359 1522 501 1593 ignaviam
511 1523 626 1574 saeuitia
637 1532 724 1591 tegat.
737 1522 862 1575 Veterem

50 1592 102 1643 att
118 1608 153 1644 ac
169 1592 277 1660 publiea
290 1602 410 1661 coeptam
426 1590 563 1646 nobiseum
576 1591 740 1643 amicitiam:
759 1599 787 1644 et
802 1590 862 1643 eud·

50 1660 211 1714 veniendum
226 1660 319 1725 eociir,
338 1659 439 1714 uirium
454 1659 581 1724 aemulis,
600 1660 863 1728 cedentiddepueper

49 1730 242 1783 reverentiam.
277 1732 340 1783 Ideo
353 1729 461 1802 Regum
475 1730 577 1782 adsidet
590 1730 687 1783 liberor
701 1730 764 1783 dari
773 1739 819 1793 ut,
836 1728 863 1782 ω’

50 1799 192 1855 domestici
201 1799 311 1869 imperii
322 1802 446 1864 taedeat,
465 1798 503 1853 tit
512 1810 649 1870 regretrue
660 1801 697 1853 ad
704 1800 862 1867 Principem
949 1836 958 1855 0

48 1868 219 1938 Patrerque,
240 1884 355 1937 puerum
369 1870 487 1923 moritur
502 1861 678 1942 adsuefactus
691 1868 753 1923 Rea
765 1870 862 1925 metiar

47 1938 257 1992 adscisceretur.

55 2050 62 2067 .
108 2007 159 2059 Xl.
187 2008 244 2062 Vbi
262 2006 333 2062 haec
353 2002 436 2079 atque
456 2008 527 2063 talia
546 2008 743 2074 dissertorem,
761 2009 861 2078 incipit

47 2078 210 2130 orationem
221 2080 324 2131 Caesar
334 2080 365 2131 de
369 2076 492 2151 fartr'gio
498 2077 629 2142 Romano,
638 2080 861 2145 Parthorumque

47 2142 200 2213 ebrequiir:
211 2160 298 2216 seque
308 2148 342 2199 Ι).
352 2149 480 2217 Augusto
491 2149 681 2216 adaequabat,
695 2149 815 2217 petitum
824 2144 860 2199 ad

46 2232 76 2266 ea
86 2213 194 2285 Regem
204 2216 347 2281 referens,
364 2218 469 2269 omissa
479 2219 585 2270 Tiberii
595 2221 747 2281 memorie3
765 2231 861 2285 quom·

47 2299 132 2351 quam
143 2286 169 2336 ie
180 2300 292 2354 quoque
302 2288 428 2337 miserat.
465 2286 634 2355 Addiditque
643 2293 795 2353 praecepta
806 2288 860 2347 (ei-

47 2356 125 2406 enim
146 2354 248 2405 aderet
268 2352 464 2417 Meherdates)
485 2362 517 2406 ut
536 2373 591 2409 nen
609 2354 818 2407 dominationem
832 2359 862 2405 et

23 2456 26 2461 ·
46 2436 147 2487 terroe,
157 2422 205 2474 sed
212 2430 343 2476 rectorem
353 2432 381 2475 et
391 2424 459 2475 ciaet
468 2423 624 2493 cogitaret,⁸
641 2423 861 2487 ciernentiamque

47 2506 80 2545 aa
89 2490 239 2556 iustitiam,
259 2501 361 2559 quanto
371 2490 473 2561 ignaru
483 2492 618 2555 tardaris,
633 2501 711 2544 tanto
722 2488 861 2546 toleratio·

46 2576 81 2612 ra
91 2570 253 2630 capesseret.
289 2562 365 2613 Hine
374 2578 472 2623 tersus
485 2562 656 2628 adlegatos,
677 2560 790 2611 extollit
802 2558 860 2607 lau·

45 2628 130 2692 ‚dibus
142 2632 280 2686 uhtmnum
290 2628 373 2695 urbia,
383 2637 521 2699 spectatae
530 2630 567 2684 ad
575 2628 606 2681 it
613 2626 765 2681 modestiae.
776 2640 808 2677 ac
818 2632 864 2675 ta·
