2034 3025
69 95 220 190 guerr.
241 91 456 170 curuo-52
478 95 637 164 [uren.
658 95 797 168 u.c.71.]
817 95 867 150 roa

66 209 138 260 iuter
149 211 285 273 agrestes,
302 206 421 272 ,modieis
432 207 591 275 principiis,
610 208 665 258 iam
676 223 728 272 per
737 203 815 258 ardia
825 215 866 258 at·

67 291 117 343 que
129 278 201 328 acies
213 276 422 326 exercebantur.
450 275 519 326 Nam
529 275 648 342 populus
659 276 787 346 Oeensis,
798 277 866 326 mul·

67 346 186 396 titudine
201 344 331 406 inferior,
361 343 547 395 Garamantas
565 345 723 406 exciverat,
751 351 865 412 gentem

66 412 227 466 indomitam
249 419 279 463 et
298 413 375 463 inter
394 412 506 464 adcolas
530 413 688 464 latrociniis
706 410 865 466 fecundim.

67 481 146 534 Vnde
158 487 251 532 aretae
262 481 422 551 Leptitanis
437 498 498 545 res,
527 482 642 550 lateque
656 483 774 533 vastatis
789 484 865 549 egris

66 551 265 613 intramnenia
275 551 466 616 trepidabant:
485 551 584 613 donec,
598 553 760 602 interventu
770 549 867 602 eohor⁴

66 622 135 672 tium
148 621 323 684 alarumque,
348 619 404 670 iusi
418 620 603 671 Garamantes
614 626 643 672 et
653 626 767 686 recepta
777 621 867 670 oninis

65 689 183 756 praeda,
213 688 269 738 nisi
280 697 362 754 quam
373 691 435 756 vagi
449 703 500 756 per
509 691 654 742 inaccessa
666 689 817 757 mapalium
828 689 868 740 ul·

65 756 422 822 terroribuslnendidernnt.

118 825 165 877 Li.
183 826 219 876 dt
229 823 419 890 Vespasiano,
440 833 504 894 post
516 829 734 882 Cremonensem
744 843 867 896 pugnam
949 876 957 892 ,

65 901 98 949 et
112 909 263 962 prosperos
279 895 403 962 undique
422 897 550 958 nuntios,
578 897 703 950 cecidisse
723 895 869 960 Vitellium,

5 1006 9 1010 .
64 965 151 1026 multi.
159 965 292 1032 euiusque
304 965 425 1028 ordinis,
450 965 512 1031 pari
523 965 639 1016 audacia
648 967 819 1034 fortunaque
829 965 870 1016 hi·

62 1035 183 1086 bernum
194 1047 272 1083 mare
283 1033 423 1099 adgressi,
443 1035 618 1085 nuntiavere.
645 1035 770 1092 Aderant
779 1035 868 1103 legati

62 1101 301 1169 RegisVologesi,
311 1099 496 1168 quandraginta
505 1100 672 1154 Parthorum
681 1103 801 1172 equitum
811 1102 870 1156 mii-

63 1171 105 1224 lia
120 1169 282 1239 offerentes.
301 1167 500 1241 ,Magnificum
518 1171 694 1239 laetumque,
722 1174 810 1225 tantis
826 1187 870 1225 so·

64 1240 173 1292 ciorum
193 1239 306 1290 auxiliis
315 1239 437 1310 ambiri,
467 1249 559 1312 neque
579 1241 715 1308 indigere.
752 1241 870 1295 Gratiae
909 1261 915 1274 ⁸

63 1307 210 1376 Vologese
222 1303 314 1372 acta'e,
335 1307 567 1376 mandatumque,
585 1319 618 1362 ut
628 1312 732 1378 tegetes
742 1311 780 1362 ad
789 1309 872 1363 Sena·

63 1385 125 1430 tum
136 1377 259 1428 mitteret
268 1385 294 1428 et
306 1393 401 1444 precem
411 1393 465 1428 eree
475 1377 567 1430 sciret.
605 1379 810 1446 Vespasianus,
839 1380 871 1431 in

61 1446 177 1498 ltaliam
193 1459 294 1512 resque
306 1445 382 1496 urbis
397 1447 537 1507 intentus,
568 1446 713 1498 adversam
729 1446 764 1498 de
775 1446 871 1498 Domi-

62 1516 145 1567 tiano
162 1512 265 1565 famam
281 1515 393 1579 accipit:
423 1522 562 1580 tamquam
576 1516 704 1569 terminos
723 1514 824 1569 aetatis
844 1524 872 1569 et

63 1581 259 1652 caneeteafiia‘o
270 1583 451 1651 egrederetur.
487 1585 577 1651 Igitur
586 1585 783 1636 validissimam
793 1599 871 1637 exer·

55 1645 137 1711 ¹citus
149 1656 256 1773 pplrtem
267 1652 337 1705 Tito·
344 1652 440 1716 tradit,
451 1652 485 1707 ad
496 1654 608 1721 reliqua
616 1654 722 1712 Iudaici
732 1651 799 1707 belli
810 1669 873 1723 per·

86 1728 166 1775 etran
188 1738 214 1773 a.
347 1724 353 1733 '

62 1738 82 1791 P
119 1790 179 1843 Lll.
197 1791 301 1855 Titum,
320 1796 469 1862 antequam
480 1790 686 1861 digrederetur,
698 1790 890 1859 nutoapud?

63 1866 176 1929 patrem
191 1874 322 1913 sermone
333 1876 427 1913 orasse
438 1861 596 1923 dicebatur,
623 1879 657 1915 ne
667 1861 872 1915 criminantium

62 1929 171 1985 rruntiir
185 1938 283 1982 temere
298 1931 503 1995 accenderetur:
529 1930 718 2001 integramque
731 1947 759 1984 re
773 1947 806 1984 ae
812 1934 872 2000 pta·
956 1974 964 1982 ,

62 1998 179 2052 cubitem
188 1998 253 2069 fllia
263 2008 431 2067 praestaret.
467 2000 528 2053 Non
542 2001 672 2068 legiones,
701 2002 871 2063 nuntianter,
896 2009 904 2015 “
954 2001 956 2005 “

58 2066 176 2136 perinde
179 2068 270 2136 firme·
276 2068 384 2137 imperii
393 2068 572 2133 rnunineenta,
598 2086 677 2139 qaam
690 2087 830 2124 numerum.
840 2070 872 2121 Ii·

63 2135 200 2188 derorum.
229 2135 548 2206 Namanrieottempare,
561 2140 692 2211 fortuna,
701 2139 871 2207 cupidinibus

63 2205 221 2269 aliquando,
239 2215 291 2258 aut
300 2206 455 2270 erroribus,
472 2208 602 2271 inminui,
621 2208 785 2281 transferri,
804 2209 871 2258 deri·
934 2267 937 2281 Ι

61 2290 144 2329 nere:
162 2290 239 2327 auum
249 2274 345 2343 cuique
354 2276 513 2347 sanguninem
523 2276 712 2341 indiscretum,
731 2276 873 2328 tedruaxi·

62 2344 107 2395 due
118 2342 311 2413 Principibus.-
338 2359 450 2410 quormn
461 2344 599 2413 prosperis
615 2342 708 2400 etalii
721 2346 871 2417 fruantur,

60 2412 179 2469 adversa
190 2414 227 2465 ad
234 2410 416 2467 iunctissimos
422 2414 589 2482 pertineant.
624 2432 658 2469 ne
661 2413 804 2488 fratribus
814 2413 873 2481 qui·
937 2427 939 2432 ·
968 2419 970 2421 ’

61 2483 123 2535 dem
132 2498 288 2535 mansurum
298 2484 477 2548 concordiam,
492 2484 628 2551 uiperenr
638 2485 873 2553 exemplumprae-

48 2550 176 2605 duittet,
210 2551 412 2618 Vespasianus,
440 2552 516 2605 haud
529 2552 873 2623 aeque-Domitiauomiti·
946 2573 951 2576 ·

60 2626 160 2691 gatus,
190 2636 273 2693 quam
283 2623 339 2677 Titi
349 2623 456 2691 pietate
471 2623 610 2695 gaudens,
631 2624 706 2677 tono
717 2630 772 2678 eree
782 2620 887 2676 auimo
