2034 3025
66 135 74 193 ἦ
164 126 245 180 ΗΒ,
259 127 281 180 Ι.
295 125 381 180 ΟΑΡ.
399 124 441 179 10.
458 125 497 183 ll.
508 125 799 197 [A.v.a22.a.a69.]
868 129 887 180 a

76 231 202 298 legiones
220 232 364 284 obtinebat
377 231 501 284 Licinius
516 232 676 296 Mucianus,
695 233 738 283 vir·
757 233 885 286 secundia

75 301 253 370 adversisque
264 304 342 353 iuxta
356 299 488 354 famosus.
524 301 648 368 insignes
664 302 801 353 amicitias
810 302 886 355 iuve-
945 369 956 383 ,
981 343 985 348 .

74 372 120 422 nis
130 371 275 423 ambitiose
285 372 423 423 coluerat:
443 385 516 433 mox,
531 372 641 422 adtritis
653 372 759 438 opibus,
775 369 883 424 lubrico

76 444 163 504 statu,
180 447 309 508 suspecta
319 442 404 493 etiam
416 441 524 492 Claudii
536 440 688 504 iracundia,
703 442 732 491 in
743 444 883 493 secretum

74 509 158 563 Asiae
168 511 321 576 repositus,
339 515 397 560 tam
408 525 495 576 prope
505 512 539 562 ab
551 510 647 562 exsule
657 509 725 573 fuit,
744 525 827 579 quam
838 524 885 576 po·

76 579 313 646 atcaaPrincipe.
339 579 475 642 Luxuria,
490 580 638 643 industria,
653 581 794 644 comitate,
805 578 886 630 adru-

76 649 189 718 gantia,
207 648 288 700 malis
299 650 434 717 bonisque
445 650 551 700 artibus
565 651 678 700 mixtus.
698 650 799 701 nimiae
809 649 886 700 volu-

76 723 183 787 ptates,
201 725 405 782 commearet,
428 722 558 788 quotiens
573 720 750 785 expedierat,
769 733 886 787 magnae

76 791 210 840 virtutes:
221 789 313 855 palam
325 787 436 849 laudes3
447 795 555 841 secreta
566 789 638 853 nrale
649 790 807 842 audiebant.
831 787 887 840 Sed

77 857 154 924 apud
163 857 317 929 subiectos,
336 857 411 925 apud
421 861 576 926 proximos,
595 859 667 925 apud
678 859 824 927 conlegas,
845 871 888 908 va·

76 929 130 980 riis
139 927 286 980 inlecebris
295 934 408 994 potens3
420 944 449 979 et
459 931 503 979 cui
516 928 671 993 expeditius
682 928 888 982 luerittradere

76 998 242 1078 Imperium,
270 1013 352 1065 quam
371 999 506 1049 obtinere.
542 997 653 1048 Bellum
669 999 809 1050 ludaicum
825 997 888 1050 Fla·
979 1054 984 1062 ,

76 1081 140 1116 mus
146 1065 339 1133 Vespasianus,
355 1067 462 1118 Duceni
474 1067 620 1118 cumNero
632 1067 784 1135 delegerat,
798 1067 888 1119 tribus

77 1132 236 1204 legionibus
246 1137 467 1188 administrabat.
502 1136 562 1189 Nec
572 1137 744 1203 Vespasiano
756 1138 888 1189 adversus

79 1204 198 1258 Galbam
215 1211 311 1258 votum
326 1212 375 1257 aut
386 1208 503 1258 animus.
541 1208 650 1274 Quippe
661 1209 771 1270 Titum,
790 1207 887 1269 tilium,

78 1275 116 1325 ad
127 1278 333 1327 venerationem
344 1275 505 1345 cultumque
516 1278 576 1329 cius
588 1278 710 1340 miserat,
721 1283 753 1329 ut
762 1292 812 1328 suo
824 1277 887 1327 loco

77 1345 305 1397 memorabimus.
341 1345 459 1397 Occulta
477 1345 540 1414 lege
556 1345 608 1396 sati
624 1351 654 1411 et
669 1348 787 1398 ostentis
802 1363 835 1398 ac
845 1361 887 1397 re·

77 1415 190 1480 sponsis
208 1414 376 1466 destinatum
387 1413 557 1482 Vespasiano
568 1415 719 1485 liberisque
729 1417 788 1468 eius
799 1416 886 1484 lmpe·

77 1485 167 1545 rium,
185 1487 250 1549 post
260 1482 403 1535 fortunam
415 1484 591 1536 credidimus.
953 1489 958 1498 “

132 1552 182 1603 Xl.
217 1553 375 1619 Aegyptum
395 1555 557 1622 copiasque,
579 1554 680 1622 quibus
700 1561 886 1617 coerceretur,

76 1624 135 1675 iam
144 1620 209 1674 inde
219 1621 278 1673 al).
284 1624 420 1690 Augusto,
431 1624 547 1690 Equites
557 1624 676 1676 Romani
687 1625 813 1675 obtinent
822 1624 886 1675 loco

75 1692 194 1759 Regum.
230 1693 274 1745 lta
284 1693 373 1743 risum
384 1693 531 1760 expedire,
548 1695 718 1761 provinciam
730 1694 807 1745 aditu
818 1694 887 1744 diffi-

77 1761 173 1825 cilem,
191 1776 318 1828 annonae
336 1761 887 1830 fecundamssuperstitioneaclascivia

75 1831 424 1895 discordemacmobilem‚
441 1834 559 1885 insciam
571 1834 672 1901 legum,
690 1836 815 1903 ignaram
828 1834 887 1883 llla-
932 1838 934 1843 '

76 1901 260 1967 gistratum,
280 1902 355 1953 domi
373 1905 503 1955 retinere.
541 1904 668 1971 Regebat·
680 1910 739 1955 tum
756 1904 887 1955 Tiberius

76 1968 248 2033 Alexander,
267 1972 391 2024 eiusdem
407 1974 534 2025 nationis.
570 1974 665 2027 Africa
682 1974 848 2041 aulegiones
859 1973 886 2022 in

77 2052 126 2099 ea,
143 2040 293 2093 interfecto
308 2041 406 2094 Clodio
421 2043 533 2108 Macro,
557 2050 690 2096 contenta
701 2044 889 2115 ‘qualicunque

76 2106 215 2175 Principe,
233 2115 296 2177 post
307 2114 528 2178 experimentum
540 2113 644 2166 domini
655 2116 779 2165 minoris.
807 2113 888 2164 Duae
921 2169 925 2175 ,
1007 2154 1010 2161 ,

77 2176 286 2242 Mauretaniae,
304 2180 436 2245 Rhaetia‚
454 2184 602 2246 Noricum,
621 2182 754 2248 'lbraeia,
772 2190 887 2249 atquae

77 2244 152 2299 aliae
161 2244 393 2301 Procuratoribus
404 2250 581 2323 cohibentur,
600 2259 631 2304 ut
642 2256 741 2322 cuique
752 2251 888 2306 exercitui

77 2316 200 2380 vicinae,
219 2319 260 2369 ita
268 2319 298 2368 in
308 2318 432 2371 savorem
447 2319 600 2373 cutodium
612 2328 742 2375 contactu
754 2321 888 2373 valentio-

76 2400 142 2436 rum
156 2384 322 2454 agebantur.
357 2389 481 2444 inermes
496 2394 669 2458 provinciae,
688 2398 771 2461 atquc
785 2392 846 2459 ipsa
856 2390 884 2439 in

76 2456 174 2523 primis
183 2456 273 2519 ltalia,
287 2456 449 2526 cuicumque
458 2462 571 2512 ser-sitio
582 2465 718 2530 exposita,
728 2464 755 2513 in
766 2460 886 2529 pretium

76 2523 146 2581 belli
165 2540 295 2578 cessurae
315 2532 405 2582 erant.
440 2530 497 2581 Hie
517 2530 570 2582 fuit
588 2546 683 2583 rerum
699 2530 887 2584 Romanarum

39 2612 45 2621 *
76 2597 178 2659 status,
192 2612 253 2648 cum
265 2593 325 2650 Ser.
338 2597 429 2651 Galba
438 2600 550 2661 iterum.
566 2596 647 2652 Titus
656 2601 766 2664 Vinius,
781 2602 885 2651 Consu·

77 2660 134 2727 los,
151 2664 316 2722 inchoavere
331 2683 450 2736 annum,
470 2672 526 2723 sibi
540 2671 683 2736 ultimum,
704 2668 783 2740 Reip.
798 2682 885 2740 prope

78 2747 244 2792 supremum.
562 2763 565 2770 ¹
