2034 3025
322 104 552 162 nonuoavs.
735 153 737 158 .
782 65 843 166 iot

39 181 831 204 mnu-m-

37 212 141 281 antiqui
154 210 259 263 dicendi
263 227 275 273 ;
288 214 382 280 plures
395 207 486 284 saieie
499 214 605 267 dicendi
617 215 728 288 formas
740 214 836 275 iisdem
850 261 852 265 .

36 281 269 356 saeculisedocet,
289 280 356 349 quid
366 281 533 335 sentiendum
547 284 578 335 de
594 282 843 352 elo'q'uer'etieessitalei.

34 359 231 413 etceterorum,
249 350 281 402 de
300 349 396 419 quidus
409 366 471 405 mon
484 351 603 413 dictum,·
616 346 712 417 addit,
729 352 847 426 qooid'se'}

35 417 213 473 obtrectarint
231 418 354 483 invicem,
372 419 473 472 ritium'
485 437 541 473 esse
555 438 608 475 non
622 424 774 486 oratorum,
790 423 838 475 sed
904 471 911 481 ‚

33 489 176 543 lominum.
209 488 252 541 26.
271 487 302 540 0.
316 488 436 542 Gracchi
448 490 577 558 impetum
592 499 619 542 et
629 490 667 565 Iqj
678 489 772 543 Crassi
781 507 838 563 ma·
889 532 899 545 ,

34 556 177 612 toritatem
192 557 402 630 praeferendam
416 574 471 612 esse
489 559 654 613 calamistris
668 556 836 633 Maecenatis
886 615 888 619 ,

33 636 84 681 aut
103 626 245 680 tinnitibus
267 626 408 679 Gallioniso
450 626 575 681 Cassium
595 628 721 683 Seuerum
735 629 851 697 parum*
885 659 890 665 ·

34 696 131 749 labere
141 710 171 747 sa
210 695 282 748 uinis
293 704 320 748 et
330 694 424 749 rixare
434 698 533 768 magis,
548 714 628 766 quam
636 710 771 769 pugnare,
788 697 845 751 u'ecj
887 750 891 765 ¹

34 764 163 818 adtulisse
188 780 278 831 prum,
287 780 365 831 quem
374 763 496 820 Ciceroni
505 770 548 821 cel
557 765 670 822 Caesari
681 776 836 837 opponeret,

33 834 156 888 27-29.
174 834 290 887 Petente
308 832 454 900 Materno,
481 837 520 888 ad
536 837 709 905 explicandas
728 852 838 889 caussas

34 904 137 957 tramit
146 902 278 966 Messala,
296 918 347 963 cur
355 903 507 970 eloquentia
516 910 674 974 ceteraeque
683 916 758 959 artes
768 923 786 957 a
796 921 841 965 res

34 983 90 1027 tere
98 973 192 1043 gloria
202 973 376 1036 desciverint,
386 971 520 1026 ¹desidiam
528 975 686 1039 iuuentutis,
701 975 839 1057 negligen-

33 1042 262 1109 stamparum,
278 1040 448 1104 inscientiam
453 1042 681 1121 praecipientium
691 1053 718 1095 et
725 1044 837 1109 'allecia-

32 1128 92 1167 nem
101 1111 183 1162 moris
192 1108 309 1189 antiqui.
346 1106 485 1172 Ostendet,
500 1110 575 1178 apud
583 1111 708 1177 antiquos
719 1128 836 1163 severum

32 1188 61 1233 et
75 1185 198 1231 sanctam
214 1178 305 1249 flasse
320 1177 463 1229 liberorum
482 1178 668 1233 educationem
674 1195 686 1240 ,·
704 1180 778 1249 apud
796 1196 837 1231 re-

32 1247 163 1301 centiores
172 1246 400 1301 addistrionalem
409 1246 538 1319 fororem
552 1246 690 1317 deflexisse
704 1257 732 1301 et
750 1249 838 1302 euera-

30 1334 84 1369 res.
119 1314 239 1370 30-32.
257 1316 304 1369 Ex
322 1317 502 1386 ingenuorum
513 1317 740 1370 artiumscieotia
752 1326 779 1371 et
792 1334 836 1369 aa·
909 1328 912 1332 '

30 1386 75 1437 ria
91 1384 243 1439 eruditione
253 1387 401 1439 exundasse
411 1385 554 1453 arotiquun't
568 1386 758 1452 eloquentiam,
768 1386 841 1453 quod

36 1452 174 1507 Ciceronis
192 1456 314 1522 exeocplo
329 1450 574 1522 pateat3'illaram
584 1464 766 1524 contemptam
779 1452 837 1524 pri·

32 1530 103 1578 mam
123 1539 178 1577 esse
196 1533 343 1591 corruptae
362 1519 529 1592 eloquentia&
548 1541 679 1578 caussam.
714 1523 835 1577 33-35.

30 1590 289 1655 tamiurenesolim,
310 1593 454 1646 domestica
469 1592 611 1660 disciplina
622 1593 738 1658 inbutos,
757 1594 837 1646 dedu·
915 1617 916 1620 ¹

29 1670 88 1714 ctos
101 1677 157 1713 esse
169 1663 335 1717 adoratores
348 1661 497 1730 principes,
518 1678 582 1730 quoe
599 1661 697 1716 sectati
708 1679 848 1732 pugnare.›

29 1729 155 1800 quosixin
170 1731 276 1798 proelio
301 1730 458 1784 didicerint:
474 1740 570 1797 postea
584 1731 614 1786 in
628 1730 732 1784 scloolas
746 1731 835 1785 rleeto·
902 1761 905 1767 <

28 1817 91 1919 rusie
106 1799 251 1866 transisse,
270 1799 318 1853 uli
327 1798 397 1855 nillil
406 1800 527 1852 discatur
532 1800 606 1871 ,nisi
615 1802 687 1872 quod
695 1817 772 1854 usum
783 1819 836 1857 non
868 1801 871 1814 ‘

28 1870 65 1921 lea
84 1877 139 1921 eat.
367 1878 373 1887 '
487 1872 489 1875 ’

27 2007 98 2060 Iulii
109 2007 227 2061 Secundi
233 2023 244 2067 ,·
252 2006 376 2072 sequitur
382 2005 506 2060 Materni
516 2006 613 2070 oratio,
624 2009 714 2075 capite
724 2018 832 2062 trunco.

27 2075 172 2128 Lacunam
185 2075 255 2129 lianc
269 2078 400 2144 complere
416 2075 492 2128 nisus
505 2085 545 2128 est
553 2074 708 2130 Broterius.
743 2077 834 2140 iniis,

27 2159 98 2210 quae
108 2141 266 2211 supersunt]
302 2142 346 2197 36.
367 2143 467 2197 Tradit
476 2142 634 2199 Maternus:
648 2147 833 2216 perturbatio·

27 2229 61 2266 oc
76 2212 142 2264 olim
155 2219 184 2266 et
197 2211 323 2276 licentia,
332 2212 508 2333 factionibus
522 2231 666 2282 procerum
677 2226 705 2268 et
714 2214 834 2269 adsiduis

27 2282 149 2336 Senatus
168 2282 296 2334 adversus
309 2297 331 2349 p
342 2279 414 2333 elem
431 2283 636 2348 certaminibus,
656 2284 835 2352 eloquentiam

27 2351 167 2421 viguisse5
183 2349 226 2403 37.
240 2365 324 2419 neque
339 2365 495 2421 quemquam
504 2369 632 2420 magnam
638 2353 789 2420 potentiam
798 2351 833 2406 si·
860 2404 861 2410 ,

27 2439 61 2477 ne
71 2418 224 2490 eloquentia
234 2428 418 2474 consecutum.-
433 2415 620 2492 Demosthenis
630 2419 679 2476 loac
690 2431 719 2474 et
729 2421 835 2474 Cicero·

27 2489 70 2547 uis
80 2491 200 2557 exemplo
210 2486 387 2556 comprobari.
415 2487 458 2542 38.
476 2488 603 2542 Primum
616 2487 665 2544 Cn.
676 2489 841 2562 Pompeium

84 1937 167 2006 [Heia
176 1935 288 1990 mutilus
297 1944 338 1989 est
347 1934 482 1990 Messalae
491 1939 587 2001 scruto,
600 1937 703 2018 ⁷forsan
714 1947 741 1994 et
746 1939 836 2008 periit
926 1991 928 1996 ,
991 1929 992 1932 “

27 2559 197 2628 eloquentiae
206 2558 399 2628 adstringente
408 2556 539 2622 nocuisse,
558 2558 727 2625 eiqueaelati
737 2562 835 2634 frenos
931 2585 935 2598 =

27 2629 196 2697 imposuisses
205 2636 264 2682 tuns
273 2627 317 2681 39.
323 2627 467 2714 paenulas,
477 2628 573 2693 quibas
583 2629 711 2683 adstricti
720 2640 751 2689 et,
757 2627 836 2699 quasi
