2034 3025
308 17 448 66 ‘''r

145 115 198 180 aso
274 115 815 186 nunsnrvmrnven.sesa]

150 191 944 218 ——7-———-----··--——--—-——-

144 219 200 274 vrt,
227 213 406 278 vulgavitque
421 211 524 262 celebri
533 213 675 276 convivio,
705 212 854 279 dumapud
863 188 952 266 Osto-

144 283 218 332 rium
234 279 379 345 Scapulam
396 280 534 397 epulatur.
553 280 642 330 *Exin
658 297 675 332 a
686 281 854 334 Cossutiano
866 278 949 349 Capi}

146 354 227 411 tone,
248 350 295 416 qui
306 347 396 412 nuper
406 375 415 396 ι
426 349 583 398 eustorium
596 349 737 410 ordinem,
754 351 885 415 precibus
897 351 946 401 Ti·

145 417 252 484 gelliui,
268 417 420 478 socerisui,
437 415 591 481 receperat,
600 418 757 468 maiestatis
768 417 878 468 delatus
889 419 946 469 est.¹

145 487 216 538 'l'um
227 486 345 552 primum
362 489 494 550 revocata
504 499 538 535 ea
547 485 606 536 lex:
636 485 858 552 credebaturque
869 484 945 537 haud

143 553 260 621 periodo
277 553 394 603 exitium
410 553 546 614 Antistio,
576 567 659 620 quam
674 555 840 620 Imperatori
852 554 945 620 gloria

144 623 285 690 (possedite,
313 626 346 670 ut
356 620 557 672 condemnatus
567 636 584 671 a
594 621 712 684 Senatu,
738 623 945 673 intercessione

143 683 307 742 Tribunieia
326 689 410 739 morti
430 690 608 740 eximeretur.
643 691 692 753 Et,
720 705 781 740 eum
802 691 945 752 Ostorius,

141 755 214 812 eiiii
222 755 363 819 audivisse,
383 771 433 822 pro
444 759 608 809 testimonio
620 759 750 819 dixisset,
768 759 892 809 adversis
903 763 945 817 tes

143 827 235 877 stibus
245 825 393 876 creditum:
422 827 585 892 censuitque
596 827 691 878 lunius
702 826 854 889 Marullus,
874 827 945 877 Ceu·

143 893 188 944 s'ul
198 893 374 960 designatus,
386 917 387 922 ¹
404 893 573 945 adimendum
582 910 628 946 reo
638 894 820 957 Praeturam,
847 910 945 945 necun-

48 964 50 970 ‘
143 959 256 1030 dumque
266 978 338 1012 more
347 961 487 1015 maiorum.
517 962 625 1019 Ceteris
636 963 701 1014 iude
711 963 945 1024 assentientibus,

143 1029 248 1082 Paetus
268 1028 406 1092 Thrasea,
433 1034 521 1084 multo
542 1046 604 1083 eum
622 1030 729 1083 honore
745 1032 886 1092 Caesaris,
914 1036 945 1081 et

143 1100 279 1151 acerrime
294 1099 430 1164 increpito
450 1099 587 1164 Antistio,
614 1094 681 1163 non,
706 1098 836 1168 quidquid
846 1114 948 1168 nocens·

99 1206 102 1212 .
142 1181 206 1218 rens
218 1167 454 1234 perimerentur,
482 1167 526 1230 id,
555 1169 666 1238 egregio
681 1169 728 1220 sud
743 1167 886 1233 Principe,
914 1175 944 1219 et
970 1175 974 1180 '

142 1237 218 1288 nullu
228 1235 385 1288 necessitate
396 1236 525 1290 obstricto
536 1236 647 1301 Senatu,
664 1237 844 1298 statuendum,
852 1234 943 1285 disse·

124 1308 213 1384 Xruit.
247 1302 399 1373 carnificem
410 1313 436 1356 et
451 1308 575 1372 loqueum
586 1306 693 1374 pridem
706 1305 822 1358 abolita:
849 1310 876 1353 et
885 1317 943 1354 esse

139 1387 241 1440 poenus
251 1373 352 1444 legibus
362 1374 540 1439 constitutus,
566 1375 673 1442 quibus,
691 1373 874 1426 sineindicum
883 1386 942 1423 sue-

141 1439 214 1494 nitiu
229 1450 256 1494 et
270 1453 417 1512 temporum
426 1443 558 1517 infamia,
585 1443 717 1513 supplicis
727 1444 952 1501 decernerentur„

7 1503 9 1510 ’
98 1560 105 1577 ,
133 1506 372 1577 ,ριιὶπὶὴὶπιιιία,
391 1514 540 1581 prcdlicstis
552 1515 641 1577 donn,
664 1527 715 1581 qno
726 1510 831 1581 lebuine
842 1518 944 1561 sontem

142 1579 227 1633 situm
238 1582 379 1645 traxisset,
409 1600 438 1635 eo
445 1583 578 1651 privatim
588 1583 766 1643 miseriorem,
789 1576 955 1647 etpnotnne·

142 1651 298 1704 elementiae
307 1651 452 1703 munimem
463 1655 610 1719 exemplum
619 1652 755 1720 futurum.

195 1720 295 1771 XLIX.
312 1719 444 1771 Libertas
455 1720 598 1771 Thraseae
613 1720 758 1770 servitium
769 1717 889 1772 aliorum
899 1729 945 1767 ru·

142 1788 194 1852 pit.
227 1792 266 1849 et,
283 1794 432 1854 postquam
443 1789 642 1839 discessionem
654 1784 758 1837 Consul
766 1786 944 1848 permiserat,

142 1853 260 1921 pedibus
274 1857 303 1906 in
319 1854 488 1908 senteutiam
506 1857 566 1906 eius
582 1855 652 1914 iere,
679 1854 775 1919 paucis
791 1854 944 1919 exemptis:

142 1922 173 1972 iu
184 1923 284 1989 quibus
294 1923 455 1976 adulatione
465 1922 693 1990 promptissimus
703 1920 794 1985 iuitA.
801 1917 945 1983 Vitellius,

143 1992 278 2056 optimum
294 2007 431 2059 quemque
451 1993 543 2057 iurgio
558 1990 699 2041 lacessens
714 1997 743 2041 et
756 1990 945 2055 respondenti

142 2060 280 2123 reticens,
307 2066 340 2110 ut
356 2061 456 2125 pavida
475 2060 590 2126 ingenio
607 2059 709 2111 solent.
741 2061 779 2111 At
794 2057 943 2118 Consules,

142 2128 278 2193 perticere
289 2127 409 2180 Senatus
424 2129 567 2181 decretum
582 2142 638 2178 uon
653 2128 728 2190 ausi,
755 2128 791 2180 de
801 2140 943 2178 consensu

143 2198 280 2262 scripsere
291 2198 412 2249 Caesari.
448 2198 507 2261 llle,
527 2200 603 2250 inter
612 2196 746 2265 pudorem
758 2203 787 2247 et
797 2198 944 2246 irameuu·

143 2268 249 2327 etstus,
278 2262 592 2334 postremoresciipsit,
620 2264 944 2331 nullainiurieproeocs·

142 2338 201 2385 tum
212 2333 369 2398 Antistium,
380 2337 556 2405 gravissimus
564 2336 594 2389 in
604 2333 760 2402 Principem
769 2331 943 2385 contumelias

143 2400 258 2454 dixisse:
287 2404 689 2459 earnm-ultionemnPatriins
717 2403 876 2462 ustulatum,
904 2407 942 2461 et,

140 2476 192 2536 pro
202 2472 387 2543 magnitudine
398 2474 488 2527 delicti
494 2488 608 2541 poenam
618 2474 715 2535 statne,
722 2470 886 2553 parspere:
902 2483 945 2545 ee:

144 2549 231 2593 terum
245 2557 287 2605 se,
316 2540 363 2609 qui
376 2544 547 2596 seueritatem
566 2542 760 2595 decernentium
772 2538 947 2607 inpedituros

136 2607 243 2679 fuerit,
269 2611 477 2667 moderationem
495 2610 709 2682 ennodium.
744 2612 944 2688 statuerentut
