2034 3025
157 117 215 171 306.
282 115 510 170 ANNALIVM
530 115 573 184 [A.
583 119 616 170 V.
627 122 686 174 812.
702 118 775 172 AC.
785 119 839 190 59]

157 215 306 284 aepatrona'
315 213 435 267 iniurius
444 217 532 266 ultum
542 232 606 268 etse.
622 217 870 285 Commoveratque
882 233 969 285 quoa·

158 286 222 338 darn
234 284 427 352 magnitudine
438 285 572 350 exempli:
583 277 672 338 donec
682 286 838 353 ancilla,ex
847 286 965 340 vulnere

54 387 57 396 ·
117 369 123 382 ‘
159 355 276 417 assecta,
286 367 382 405 verum
392 355 509 419 aperuit.
527 355 737 422 postulatusque
745 356 818 422 apud
828 355 965 408 Conantes

159 440 179 476 a
187 431 266 492 patre
275 421 604 490 interfectae,=postquam
610 425 765 476 Tribunatu
777 425 892 487 abierat,
901 439 965 478 scn-

157 497 249 546 tantia
258 492 371 544 Patrum
383 489 491 558 exlege
503 491 538 542 de
547 494 654 544 sicariis
664 494 875 544 condemnatur.

211 561 297 614 xbv.
315 559 377 613 Non
392 561 483 610 minua
498 562 621 628 insignis,
641 576 676 612 eo
696 576 779 625 anno,
797 562 966 628 inpudicitia

158 643 322 698 magnorum
333 629 411 696 Reip.
421 629 558 682 malcrum
568 632 676 682 initium
687 631 762 682 lecit.
780 632 850 682 Erat
858 633 888 681 in
898 633 965 684 civi·

155 697 465 764 tateSabinaPoppaea,
475 701 508 751 Τ.
516 700 592 751 Ollio
599 705 679 766 patre
687 702 789 767 genita,
800 701 850 752 sed
859 715 964 754 nomeu

154 771 200 822 ati
213 769 340 819 materni
359 775 529 834 sumpseram
556 769 668 820 inlustri
687 771 822 820 nremoria
840 769 965 837 Poppaei

155 837 259 901 Sabini,
271 837 417 888 Consulmi
428 843 456 888 et
465 836 627 904 triumphali
639 838 739 890 decore
750 839 963 906 praefulgentis.

154 921 219 958 num
234 905 347 969 Ollium,
366 904 518 958 honoribus
537 908 658 959 nondum
675 904 816 972 iunctum,
837 909 964 961 amicitia

155 974 250 1028 Seiani
269 977 412 1042 pervertit.
457 978 532 1029 Huic
551 977 661 1029 mulieri
680 984 781 1028 cuneta
800 979 856 1028 alia
870 977 966 1041 fuere,

154 1052 267 1112 praeter
279 1044 425 1097 honestum
435 1047 567 1098 animum.
590 1050 690 1116 quippe
700 1053 791 1098 mater
800 1050 869 1109 eius,
884 1053 961 1100 acta-

154 1117 191 1167 tis
202 1131 268 1168 auae
279 1113 396 1166 leoninas
406 1115 614 1182 pulchritudine
628 1130 821 1184 supergressa,
839 1116 961 1184 gloriam

154 1185 261 1250 pariter
271 1189 300 1236 et
315 1183 434 1236 formam
448 1185 573 1238 dederat.
599 1200 666 1252 opes
675 1186 834 1238 claritudini
847 1187 959 1252 generis

154 1255 336 1306 sufficiebant.
362 1267 454 1306 sermo
470 1256 565 1317 connis,
578 1271 630 1308 nec
644 1255 795 1307 absurdum
809 1254 958 1322 ingenium.

155 1323 319 1376 modestiam
340 1321 482 1389 praeferre
493 1323 647 1377 etlascitia
654 1327 703 1376 uti.
732 1338 813 1376 rarus
827 1327 855 1375 in
869 1323 959 1389 publi-

154 1407 217 1444 cum
228 1407 366 1460 egressus,
376 1391 459 1460 idque
469 1393 564 1445 velata
572 1401 653 1461 parte
663 1397 729 1458 oris,
738 1411 775 1445 ne
784 1396 902 1445 satiaret
911 1392 960 1444 ad·

154 1467 291 1530 spectum,
310 1462 355 1515 val
365 1463 430 1532 quia
439 1464 479 1516 sio
489 1463 615 1517 decebat.
649 1465 753 1518 Famae
763 1477 903 1533 uunquam
912 1477 959 1529 pe·

143 1534 960 1658 'tiillu‘lli‘ittldltittbt'illuditis?

337 1640 345 1666 ‚
451 1658 455 1668 Ι
642 1640 648 1652 ,
948 1631 960 1643 .

153 1672 276 1735 deretur,
295 1672 363 1723 illuc
376 1672 520 1724 libidinem
540 1672 735 1724 transferebat.
771 1671 861 1737 igitur
876 1685 960 1737 agen·

153 1746 208 1791 tem
220 1756 281 1793 eam
302 1742 330 1791 in
349 1742 526 1791 matrimonio
540 1740 613 1790 Rufii
631 1739 762 1806 Crispini,
781 1738 889 1803 Equitis
904 1740 960 1789 Ro·

152 1812 236 1867 mani,
247 1824 347 1877 expuo
358 1809 446 1859 lilium
456 1813 601 1875 genuerat,
618 1805 693 1856 Otho
703 1805 827 1870 pellexit,
841 1806 961 1859 iuventa

152 1892 186 1929 ao
195 1877 276 1940 luxu,
297 1883 326 1930 et
340 1880 404 1945 quia
414 1876 646 1943 flagrantissimus
659 1876 688 1924 in
699 1874 821 1924 amicitia
836 1872 959 1932 Neronis

152 1946 313 1999 habebatur.
341 1960 393 1998 nec
406 1958 493 2009 mora,
514 1945 580 2013 quin
597 1943 736 1996 adulterio
748 1943 958 1997 matrimomum

151 2016 198 2066 iun
220 2021 322 2071 eretur.

200 2030 311 2138 gXLVI.
322 2080 413 2142 otbo,
434 2084 491 2135 sive
502 2097 598 2136 amore
612 2084 750 2148 incautus,
768 2078 885 2134 laudare
894 2083 960 2155 for·

152 2166 222 2203 marn
241 2151 456 2222 elegantiamque
475 2152 570 2206 uxoria
584 2154 659 2221 apud
670 2154 839 2220 Principem
857 2154 962 2204 sinaut

154 2222 325 2281 accenderet,
344 2235 386 2285 uc,
405 2224 428 2273 si
440 2223 538 2275 eadem
550 2226 655 2279 femina
668 2227 832 2291 potirentur,
847 2222 876 2292 id
889 2236 960 2289 quo·

155 2304 207 2358 quo
215 2291 354 2343 vinculum
365 2294 517 2359 potentiam
530 2297 556 2345 ei
566 2294 708 2346 adiiceret.
743 2292 833 2357 Saepe
843 2291 963 2350 auditus*

155 2366 377 2433 est-consurgens
388 2376 403 2413 e
415 2363 538 2414 convivio
548 2364 688 2426 caesaris,
708 2378 735 2414 ae
754 2362 797 2413 ire
815 2361 854 2413 ud
870 2350 957 2422 ulan,

154 2428 206 2481 uili
216 2446 365 2483 concentum
379 2429 510 2485 dictitans
520 2432 700 2495 nobilitatem,
716 2428 957 2498 pulchritudinem,

154 2506 217 2553 nota
232 2500 349 2553 omnium
363 2509 390 2552 el
402 2501 509 2571 gaudia
523 2501 659 2574 felicium.
696 2502 749 2551 liis
759 2505 843 2567 atque
853 2497 956 2550 talibus

40 2604 45 2611 «
155 2571 348 2634 inritamentis,
366 2586 423 2623 non
433 2571 518 2640 longa
529 2573 669 2623 cunetatio
678 2570 872 2636 interponitur.
900 2565 957 2618 Sed

155 2646 269 2711 accepto
279 2641 372 2707 aditu,
391 2641 522 2712 Poppaea
536 2644 655 2710 primunr
670 2655 721 2710 per
728 2639 958 2713 blandimentaet
1016 2639 1017 2663 ¹
