2034 3025
118 136 120 140 ·
154 122 206 175 seo
380 120 437 171 oa
462 90 736 181 ounrooravs

155 226 201 271 tur
212 233 246 269 ne
257 216 368 267 Caesari
380 214 490 283 quidem
501 214 649 267 irrvidissei
687 214 769 276 Quod
779 214 816 265 sd
827 214 891 267 Ser.
904 216 969 267 Gal·

154 291 218 341 bam
228 286 295 339 etc.
305 282 434 335 Laelium
448 283 569 350 adtinet,
589 285 655 349 etsi
670 299 740 353 quos
750 284 822 335 alios
838 286 971 355 antiquo·

155 373 216 411 rum
225 358 332 423 agitare
338 368 393 404 non
404 346 525 417 destitit3
544 355 697 421 nonexigit
707 352 969 418 defensorem,curn

154 428 255 487 fatcor,
273 421 410 493 quaedam
419 422 596 491 eloquentiae
608 438 715 487 eorum,
726 428 765 497 'ut
779 426 911 477 nascenti
925 424 971 476 ad·

154 498 218 559 huc,
235 494 363 545 necsatis
373 486 498 555 adultae,
516 492 648 545 defuisse.

204 562 304 615 xxvl.
341 564 470 614 Ceterum
481 564 519 625 si,
537 562 639 613 omisso
654 559 759 629 optimo
775 558 826 613 illo
838 566 869 613 et
882 562 972 631 perie-

100 642 103 646 '
123 669 125 673 -
155 636 279 688 ctissimo
291 641 398 701 'genere
414 630 604 700 eloquentiae,
627 630 755 699 eligenda
768 632 805 682 sit
820 630 919 683 forma
934 633 971 683 di·

154 704 251 766 cendi,
273 702 368 753 nralim
385 701 508 754 Hercule
526 700 554 751 C.
570 700 687 753 Gracchi
708 702 831 767 inpetum
840 738 850 764 ,
870 710 925 753 aut
939 702 970 753 1..

155 774 247 841 Crassi
266 772 469 833 maturitatem,
487 786 570 839 quam
592 770 766 822 calamistros
783 770 971 833 Maecenatis,

154 850 204 897 aut
223 842 341 893 tinnitus
356 838 502 891 Gallionis.
539 840 609 893 adeo
630 838 731 900 melius
752 845 804 903 cst,
824 848 969 893 oratorem

154 912 199 965 vel
219 910 292 971 hirta
312 913 379 977 toga
392 908 518 972 induere,
537 908 618 977 quam
634 904 736 979 iuratis
753 914 782 960 et
801 912 970 963 meretriciis

153 979 276 1033 restibus
297 979 440 1047 insignire.
477 977 663 1047 Nequcenim
680 979 824 1031 oratorius
838 981 908 1043 iste,
926 982 970 1030 im-

121 1058 125 1062 '
152 1065 208 1114 mo,
226 1048 360 1111 Hercule,
379 1064 413 1099 oe
422 1048 510 1099 virilis
521 1047 633 1117 quidem
644 1046 736 1117 cultus
747 1054 799 1111 est,
818 1064 878 1117 quo
890 1050 969 1117 pleri·

83 1143 86 1150 ⁴
153 1136 209 1189 que
219 1124 375 1184 temporum
392 1123 553 1169 nostrorum
566 1123 675 1169 actores
691 1118 731 1167 ita
740 1121 874 1180 utuntur,
894 1120 970 1169 utla-

153 1188 239 1242 sciria
255 1187 401 1239 verborum
419 1192 449 1238 ct
463 1186 793 1240 levitatesentontiarum
811 1193 841 1239 et
856 1187 971 1241 licentia

154 1256 363 1324 compositionis
374 1254 552 1309 histrionalcs
569 1256 666 1307 modos
676 1258 843 1323 exprimant
885 1258 970 1326 quorl-

155 1343 209 1397 que
223 1327 270 1377 vis
285 1325 384 1377 auditu
399 1326 441 1377 fas
457 1341 519 1377 esse
535 1326 648 1389 debeat,
667 1324 759 1395 laudis
774 1334 804 1379 et
818 1324 935 1394 gloriae
946 1334 974 1379 et

95 1396 101 1402 “
154 1397 258 1467 ingenii
269 1396 331 1449 loco
342 1396 411 1462 pleri
432 1409 467 1446 ue
478 1396 599 1461 iactant,
618 1393 729 1447 contari
738 1393 896 1462 saltarique
905 1413 974 1449 eorr-

53 1467 60 1483 '
155 1461 384 1535 roeotario'ssrsos.
419 1523 422 1530 ¹
443 1464 497 1525 ode
508 1466 599 1517 oritur
614 1460 665 1521 illa
676 1464 760 1518 foeda
769 1472 798 1518 et
807 1474 975 1534 praeposte-

154 1554 195 1601 ra,
213 1536 265 1589 sed
281 1543 377 1605 tannen
393 1533 526 1604 frequens
554 1535 720 1603 quibusdam
740 1533 926 1608 esclamatio,
945 1547 977 1588 ut

62 1603 65 1610 ¹
154 1617 278 1666 oratores
287 1605 374 1664 nostri
388 1613 481 1658 terrere
491 1605 592 1664 dicere,
610 1603 756 1660 histriones
772 1605 877 1658 diserte
888 1609 977 1660 saltu·
1012 1635 1013 1656 i

153 1693 194 1742 re,
212 1676 349 1742 dicantur.
365 1667 520 1745 'Equidem
532 1689 585 1726 non
598 1691 766 1744 negaveram,
784 1673 916 1728 Cassium
928 1677 978 1730 Se·

153 1762 260 1810 rerum,
278 1761 359 1812 quem
370 1745 461 1796 solum
471 1746 546 1811 Aper
557 1751 652 1796 noster
666 1746 811 1801 nominare
822 1761 911 1797 ausus
924 1755 978 1810 est,

154 1818 179 1870 si
197 1815 241 1874 his
260 1822 446 1883 comparetur,
465 1816 511 1884 qui
527 1819 624 1881 postea
636 1813 759 1882 fuerunt,
777 1807 863 1882 posse
878 1825 977 1870 orato-

154 1901 215 1937 rem
224 1887 331 1951 rocari,
342 1896 508 1952 quamquam
520 1886 549 1934 in
560 1899 660 1952 magna
668 1891 748 1954 parte
759 1885 898 1938 librorum
910 1903 978 1939 suo·

153 1970 217 2008 rum
227 1955 292 2020 plus
300 1957 342 2015 vis
352 1954 462 2017 lrabeat,
481 1969 563 2023 quam
575 1955 734 2022 sauguinis„
755 1952 877 2024 ‚Primus
889 1959 979 2020 enim,

155 2028 315 2091 contempto
326 2024 425 2079 ordine
434 2039 538 2088 rorum,
556 2025 659 2094 omissa
667 2023 807 2094 ⁴modestia
817 2039 852 2077 ac
863 2028 979 2095 pprlore

155 2093 312 2153 verborum,
328 2095 397 2156 ipsis
413 2095 514 2156 etiam,
533 2094 632 2160 quihus
647 2094 747 2157 utitur,
765 2096 852 2162 armis
868 2097 978 2150 incom-

156 2163 264 2231 positus
279 2166 308 2213 et
321 2160 414 2212 studio
431 2158 550 2231 feriendi
573 2162 737 2230 plerumque
753 2161 900 2229 deiectus,
922 2185 976 2220 non

155 2237 271 2301 pugnat,
290 2229 466 2282 sedrixatur.
504 2229 644 2302 Ceterunr,
661 2233 769 2296 utdixi,
787 2239 977 2304 sequentibus
1010 2289 1011 2299 ,

14 2315 20 2322 ·
61 2355 65 2360 ,
158 2305 342 2370 comparatus,
353 2306 382 2352 et
391 2300 529 2352 varietate
541 2299 706 2355 eruditionis
718 2299 850 2370 etlepore
860 2305 978 2360 urbane

157 2374 226 2430 tatis
237 2377 266 2422 et
275 2373 399 2438 ipsarum
409 2367 510 2420 virium
527 2369 628 2422 robore
639 2370 758 2429 multum
768 2377 884 2424 ceteros
895 2392 977 2446 supe.

158 2447 217 2491 rats
235 2455 362 2508 quorum:
374 2440 513 2490 neminem
533 2440 608 2506 Aper
628 2441 773 2494 nominare
793 2446 822 2492 et
842 2443 931 2498 velut
951 2453 977 2500 in

158 2511 247 2562 aciem
261 2507 380 2560 educere
399 2509 539 2559 sustinuit.
575 2509 636 2576 Ego
652 2515 745 2569 autem
762 2509 979 2580 exspectabam,

157 2581 203 2637 ut,
221 2580 349 2629 incaseato
366 2577 460 2628 Asinio
476 2585 505 2628 et
521 2575 615 2628 Coelio
632 2583 661 2630 et
675 2579 773 2645 calvo,
792 2580 872 2634 aliud
890 2587 979 2638 nobis

159 2655 259 2709 Qmen
271 2645 451 2710 produceret,
469 2645 618 2714 pluresque
631 2648 677 2700 vel
692 2655 768 2704 certe
784 2653 911 2708 totidem
931 2672 969 2710 nn
