2034 3025
3 162 10 185 1
94 91 207 214 “nin
221 138 240 186 ι.
262 91 782 200 enno-eo.[numanum
824 133 860 185 aa

55 256 119 309 gem
129 241 284 301 iacentium,
293 240 323 288 in
333 238 502 306 capitolium,
518 243 600 304 atque
610 237 674 289 inde
685 239 713 286 in
723 238 857 302 palatium

54 314 160 371 iectus,
178 307 290 360 concedi
300 322 418 374 corpora
425 307 597 372 sepulturae,
615 307 787 373 cremarique
797 313 868 372 pera

56 379 139 430 misit.
158 376 288 430 Pisonem
297 377 418 429 Verania
426 387 499 428 uxor
509 389 543 426 ac
553 375 640 426 frater
651 374 859 439 Scribonianus,

56 449 91 499 Τ.
102 446 212 497 Vinium
223 447 350 512 crispina
363 446 434 508 lilia,
453 458 648 510 composuere,
679 445 800 497 'uaesitis
815 460 857 498 re·

56 517 230 584 demptisque
240 515 384 582 capitibus,
401 461 858 584 quaevenaliainterlectoresser·

55 591 197 637 voverant.

110 653 254 708 XLVlll.'
271 653 428 716 Pisonnum
438 655 856 714 ettricesimumaetatisannum

56 723 201 790 explebat,
228 721 303 774 fama
322 724 453 787 meliore,
480 737 564 792 quam
586 723 707 776 fortuna.
745 724 858 774 Fratres

57 795 127 856 cius,
138 793 270 860 Magnum
277 792 416 856 Claudius,
427 794 556 845 Crassum
564 792 640 846 Nero
650 791 857 846 interfecerant.
944 819 946 823 v

57 863 122 929 lpse
131 862 179 913 diu
189 862 277 924 exsul,
291 862 439 930 quatriduo
449 865 559 924 caesar,
575 867 725 929 properata
734 860 858 928 adoptio-

58 946 94 984 ne
103 930 140 982 ad
150 929 202 982 hoc
212 935 319 984 tantum
331 932 430 983 maiori
439 931 522 983 fratri
531 932 673 997 praelatus
685 937 735 996 est,
743 934 860 1000 utprior

59 1001 241 1052 occideretur.
277 1002 312 1051 T.
323 1001 422 1053 Vinius
436 998 521 1052 LVll.
537 1015 624 1052 annos
639 1003 723 1054 variis
737 1002 859 1053 moribus

59 1069 126 1137 egita
160 1068 246 1122 Pater
259 1069 302 1120 illi
312 1085 328 1121 e
340 1068 486 1121 Praetoria
500 1069 620 1132 familia,
640 1075 859 1122 maternus'avus

60 1140 255 1206 eproscriptis.
291 1139 387 1191 Prima
396 1139 497 1190 militia
508 1137 633 1202 infamis,
649 1136 788 1206 Legatum
798 1139 859 1190 Cal·
898 1167 899 1172 =

60 1207 157 1258 sisium
168 1207 301 1260 Sabinum
312 1206 460 1260 habueratt
484 1209 562 1260 cuius
572 1222 655 1271 uxor,
674 1209 748 1260 mela
758 1209 860 1275 cupidi·
876 1257 877 1263 ,

60 1291 96 1326 ne
106 1277 210 1328 visendi
218 1280 305 1328 situm
317 1285 486 1341 castrorum,
508 1281 680 1344 pernoctem
690 1278 803 1329 militari
814 1277 861 1328 ha·
893 1287 895 1289 ’

60 1346 123 1395 bitu
131 1347 269 1411 ingressa,
287 1361 350 1396 cum
363 1347 473 1413 vigilias
488 1351 519 1398 et
534 1352 627 1398 cetera
641 1346 758 1399 militiae
768 1347 863 1396 munia

61 1411 159 1465 eadem
174 1413 288 1464 lascivia
301 1418 447 1476 tentasset,
453 1414 481 1463 in
495 1415 561 1479 ipsis
579 1416 720 1481 principiis
736 1421 875 1481 stuprum·

61 1495 144 1534 ausa:
163 1485 193 1533 et
207 1481 330 1533 criminis
346 1480 427 1533 huius
440 1494 507 1535 reus
521 1482 556 1533 T.
571 1484 670 1536 Vinius
686 1485 863 1551 urguebatur.

61 1551 238 1619 igiturinssu
249 1552 277 1601 C.
288 1550 414 1602 Caesaris
425 1556 557 1602 oneratus
572 1554 691 1614 eatenis,
710 1568 788 1616 mox,
806 1564 864 1603 mu-

62 1621 170 1673 tatione
179 1624 347 1686 temporum,
357 1621 494 1682 dimissus,
509 1636 592 1672 cursu
602 1619 739 1672 honorum
751 1620 866 1674 inoffen-

62 1703 105 1752 so,
122 1688 226 1814 &iani
237 1695 301 1756 post
306 1688 468 1741 Praeturam
478 1692 656 1757 praepositus
661 1692 863 1759 probatusque:

62 1772 145 1811 serva
165 1759 294 1825 deinceps
304 1759 408 1826 probro
420 1774 564 1825 respersus
575 1766 630 1824 est,
649 1766 791 1829 tamquam
806 1774 867 1827 soy-

62 1826 146 1895 plrum
166 1830 325 1879 aureamin
339 1830 463 1880 conuicio
475 1829 586 1880 claudii
603 1828 729 1881 iuratust*
744 1834 773 1883 et
789 1829 868 1881 Clau-

62 1896 126 1948 dius
141 1901 253 1962 postera
268 1898 313 1949 die
328 1898 381 1949 soli
400 1899 525 1951 omnium
540 1899 625 1952 Vinio
644 1899 775 1951 fictilibus
789 1900 868 1951 mini·

62 1967 149 2017 strati
158 1967 247 2017 iussit.
276 1964 332 2018 Sed
341 1968 440 2021 Vinius
451 1967 657 2020 Proconsulatu
669 1967 789 2020 Galliam
800 1968 868 2021 Nar-

60 2035 213 2085 bononsem
222 2047 319 2087 severe
328 2037 491 2106 integreque
500 2040 584 2089 rexit.
610 2052 676 2089 mox
687 2037 793 2091 Galbae
803 2040 870 2091 ami-

63 2103 131 2153 citia
139 2104 170 2153 in
180 2104 327 2169 abruptum
338 2109 453 2167 tractus,
470 2107 571 2170 audax,
586 2107 713 2171 callidus,
724 2103 869 2175 promptus

62 2176 102 2231 et,
118 2175 204 2235 prout
213 2174 334 2221 animum
343 2173 519 2237 intendisset,
536 2191 637 2241 pravus
648 2180 697 2227 aut
706 2178 869 2238 industrius,

64 2238 164 2291 eadem
174 2238 209 2289 vi.
228 2239 439 2293 Testamentum
445 2243 564 2307 livinii,
575 2243 766 2313 magnitudine
777 2259 869 2313 opum,

62 2308 188 2427 {i'ffl'lt'
223 2306 331 2359 Pisonis
349 2324 507 2377 supremam
526 2314 699 2369 voluntatem
718 2321 869 2383 paupertas

84 2391 192 2428 rmava.

118 2445 218 2500 xum
253 2444 363 2497 Galbae
372 2461 474 2514 corpus
484 2447 532 2500 diu
548 2452 705 2519 neglectum
716 2457 745 2504 et
755 2452 870 2505 licentia

63 2515 243 2567 tenebrarum
253 2514 380 2582 plurimis
389 2516 518 2569 ludibriis
528 2527 676 2584 vexatum,
695 2520 870 2586 dispensator
890 2538 892 2545 ’
953 2560 967 2571 ,

62 2585 175 2651 Argius,
193 2584 357 2652 eprioribus
367 2587 462 2650 servis,
480 2585 578 2662 humili
589 2590 732 2655 sepultura
742 2590 871 2663 inpriva·

64 2655 101 2703 tis
112 2654 171 2705 eius
180 2652 270 2706 hortis
281 2656 413 2708 contexit.
445 2657 544 2725 caput,
562 2673 613 2726 per
623 2659 694 2713 lixas
705 2658 871 2723 calonesque
