2034 3025
23 180 26 187 ι
85 153 438 236 maruciam-or.
457 121 748 234 [r.v.s2r.t.c.‚=.]
773 163 830 218 mo

34 274 170 336 negatum.
204 269 381 321 Ardebantur
400 269 546 336 adspectu,
566 285 622 336 quo
636 255 828 347 qenerationia

33 339 91 404 pius
102 338 216 388 inesset.
239 337 304 401 ipsa
314 336 392 389 edita
400 340 430 388 io
442 344 536 390 turre:
554 337 679 389 deiectus
691 336 830 403 coronio·

7 428 11 442 ι
31 406 90 473 quir
101 406 228 456 consultu
237 419 438 475 responsaque,
447 411 480 460 ut
489 405 680 459 internuntius
690 403 831 468 Numinis,

52 475 168 526 ortabat.
234 501 239 508 ·
863 515 867 528 .

33 490 48 542 p
89 541 186 594 dxvi.
204 541 310 607 Civilis,
320 543 456 596 societate
466 533 710 612 Agrippinensium
721 544 834 604 rinctus,¹

32 615 171 676 proximas
183 608 313 663 civitates
324 611 477 676 adfectare,
488 619 538 664 aut
548 611 762 664 adversantibus
772 610 830 660 bei·

31 680 87 730 ium
105 679 222 743 inferre,
242 682 350 732 statuit.
385 682 590 749 Occupatisque
606 679 726 741 Sunio-is,
745 684 774 730 et
788 678 830 728 iu·
879 688 887 699 ¹

30 752 145 798 rentute
157 762 254 800 eorum
273 764 325 818 per
339 749 470 802 cohortes
482 750 650 818 composita,
670 747 829 816 quominus

30 817 105 866 ultra
114 823 253 884 pergeret,
264 818 395 872 Claudius
406 819 501 872 Labeo
512 818 691 871 Betaaiorum
701 817 830 883 Tungro-

24 899 144 949 rumque
165 891 195 937 et
213 885 380 939 Nerviorum
399 889 586 940 tumultuaria
605 902 689 938 manu
707 885 829 954 restititt

30 951 119 1022 fretus
133 953 210 1018 loco,
230 957 296 1023 quia¹
309 964 424 1024 pontem
435 956 534 1008 Mosae
550 956 673 1008 fluminis
683 960 831 1021 antecept-

28 1027 82 1072 rat.
117 1021 352 1090 Pugnabatur'que
371 1025 401 1074 in
422 1025 563 1091 angustiis
578 1025 726 1090 anruigne,
740 1021 831 1073 donec

29 1089 163 1141 Germani
189 1097 401 1144 transnatantes
420 1099 503 1159 terga
522 1092 664 1143 Ladeonis
690 1092 830 1142 invasere.

28 1158 116 1210 Simul
138 1161 247 1224 Civilis,
266 1175 364 1224 ausus,
382 1160 469 1212 an'ex
489 1162 659 1227 composito,
681 1160 779 1210 intulit
797 1172 830 1211 se

28 1229 328 1297 agmini'l'ungrorum,
349 1229 463 1282 etoiara
475 1244 555 1282 voce:
575 1246 628 1282 ιιοιι
642 1228 711 1291 ideo,
729 1228 831 1294 inquit,

27 1295 124 1347 bellum
138 1298 310 1364 sumpsimus,
327 1297 472 1352 utBatcri
482 1307 509 1358 et
523 1295 635 1350 Treveri
645 1297 773 1367 gentibus
782 1295 835 1347 im·

25 1372 131 1432 pereni.
164 1365 272 1418 Procul
281 1366 347 1419 daec
357 1383 374 1418 a
385 1367 459 1420 nobis
469 1367 655 1436 adrogantia*
667 1361 782 1434 accipite
791 1381 833 1416 ro·

25 1431 162 1484 rietatem.
174 1435 406 1504 transgredimur!
419 1451 463 1488 vor
469 1473 478 1500 ,
498 1451 544 1489 reu
554 1450 594 1486 me
603 1433 718 1496 Ducem,
728 1450 774 1484 reu
783 1433 833 1486 mi·

24 1500 115 1564 litem,
135 1503 271 1576 maruitir.
307 1503 599 1572 Movcbaturrulgus,
616 1496 831 1570 condebantque

27 1569 152 1638 gladios3
171 1586 232 1623 cum
243 1574 399 1640 Campmms
410 1590 443 1625 ac
452 1574 601 1635 iuvenalis,
616 1588 652 1624 ex
662 1573 831 1639 primoribus

25 1641 219 1707 Tungrorum,
229 1644 387 1693 universam
399 1644 426 1693 ei
437 1648 552 1713 gentem
563 1641 705 1707 dedidere.
723 1642 831 1705 Labeo,

24 1713 130 1775 anteqr
163 1724 179 1759 u
195 1710 453 1776 circumveniretur,
468 1710 613 1779 profugit.⁴
641 1711 737 1761 civiiis
748 1710 832 1761 Beto-

23 1778 217 1847 siosqnoque
238 1794 270 1831 ac
284 1780 411 1844 Nervios,
430 1783 464 1837 in
479 1780 564 1833 fidem
584 1784 723 1847 acceptos,
742 1780 832 1847 copiis

22 1846 85 1896 suis
97 1846 350 1917 adiunxit:.ingens
359 1866 463 1914 rernm,
473 1848 609 1919 percuisis
619 1850 763 1918 civitatum
773 1843 832 1899 aui·

23 1915 88 1977 nris,
99 1916 143 1966 vel
155 1924 255 1983 sponte
266 1920 475 1971 inclinantibus.
610 1984 612 1988 ¹

46 2025 49 2027 .
87 1982 111 2034 h
138 1983 196 2037 vu.
216 1987 328 2041 interea
338 1989 424 2040 lulius
435 1988 570 2052 Sabinus,
588 1986 724 2055 proiectis
735 1986 832 2040 foede.
892 1987 900 1998 ’“

21 2050 64 2103 ris
74 2051 192 2121 Romani
203 2059 403 2120 monumentis,
415 2056 559 2109 Caesarem
569 2061 600 2109 s'e
611 2057 728 2109 salutari
733 2058 830 2109 iubete

22 2134 212 2189 magnamque
234 2132 264 2177 ct
282 2126 453 2178 inconditam
473 2125 650 2196 popularium
670 2126 780 2178 turbam
797 2126 829 2179 in

20 2189 172 2255 Sequanos
188 2196 276 2260 rapit,
297 2197 498 2247 conterminam
515 2196 658 2247 civitatem
667 2201 697 2247 et
708 2197 789 2248 nobis
798 2195 831 2247 fl·

19 2258 96 2307 dam.
118 2258 176 2309 Nec
186 2260 308 2328 Sequani
319 2264 513 2315 detrectavere
524 2271 675 2315 certamen.
702 2264 830 2315 Fortuna

20 2328 188 2379 meiioribur
206 2328 305 2382 adfuit.
341 2333 408 2385 Fusi
424 2329 576 2399 i'ngonea.
612 2332 731 2384 Sabinus
748 2332 828 2383 festi·

19 2401 122 2447 notum
134 2403 242 2450 temere
253 2401 390 2465 proelium
401 2418 460 2469 pari
471 2402 621 2453 formidine
633 2402 768 2453 descruit.
778 2402 829 2454 vt·

16 2478 75 2533 que
87 2465 191 2518 famam
203 2470 285 2519 exitii
296 2472 339 2521 sui
351 2470 467 2533 faceret,
479 2471 585 2534 viliam,
602 2473 631 2522 in
642 2485 725 2540 quam
734 2468 828 2537 periu-
840 2474 846 2481 “

13 2541 119 2602 gerat,
141 2540 287 2589 cremarit:
314 2538 374 2590 illic
395 2540 555 2591 voluntaria
572 2546 664 2591 morte
684 2540 829 2593 interiisse

12 2603 157 2655 creditus.
194 2605 258 2670 Sed,
269 2608 369 2675 quibus
380 2610 488 2660 artibus
498 2610 670 2677 latebrisque
679 2610 766 2660 vitam
775 2623 829 2677 per
929 2636 932 2646 =

12 2687 123 2793 ιιιῖοιιι
135 2690 300 2798 ιιιοιιιῖιιιιιοι
314 2678 484 2743 traduxerit,
505 2678 589 2731 simui
597 2679 756 2801 hemicorum
766 2680 828 2732 eiua

78 2758 180 2797 :crura
222 2782 229 2798 .
