2034 3025
139 118 175 172 ss
276 83 511 167 annuarum·
527 113 571 181 [A.
582 117 615 168 v.
626 128 683 183 7¹72.
702 116 734 167 A.
746 115 775 168 a.
790 116 841 185 q]

140 190 953 213 uu--····—---—-——-·—-—·fi-.
995 194 997 198 ·

137 220 346 285 liberosCotyis
358 220 502 270 dividitur:
515 221 604 287 iisque
613 222 738 273 nondum
750 222 869 286 adultis,
880 226 952 277 Tre-

138 291 277 343 bellienus
284 289 379 352 liuius,
390 290 528 341 Praetura
538 289 659 354 functus,
669 291 760 353 datur,
772 293 819 358 qui
829 307 951 360 regnum

138 361 249 411 iuterim
260 363 402 421 tractaret,
409 360 548 424 exemplo,
559 374 612 425 quo
625 360 745 410 maiores
756 360 883 411 Marcum
895 362 951 413 Le.

66 442 69 449 ·
137 430 247 495 pidum,
266 428 420 481 Ptolemaei
432 427 528 478 liberis
540 433 674 491 tutorem,
692 431 722 479 in
732 430 887 496 Aegyptum
899 434 950 483 mi-

136 505 240 550 serant.
277 496 462 563 Rhescuporis
482 490 679 548 Alexandriam
698 498 842 561 devectus,
862 504 949 568 atque

136 568 210 630 illic,
221 568 316 634 sugam
327 572 454 628 tentans,
464 580 499 615 an
510 568 575 617 licto
586 569 715 629 crimine,
725 568 902 619 interficitur.

189 637 318 690 valn.
336 636 390 687 Per
405 636 478 687 idem
493 641 602 703 tempus
612 637 757 699 Vonones,
778 652 858 703 quem
871 652 949 691 amo·

137 712 197 774 tum
206 708 235 756 in
246 705 369 757 Ciliciam
380 708 539 767 memoravi,
549 708 688 771 corruptis
698 707 868 769 custodibus,
879 706 952 759 effu-

137 790 205 844 gere
220 776 255 827 ad
265 776 424 837 Armenios,
444 775 509 826 inde
520 775 678 826 inlilbanos
690 774 907 843 Heniochosque
918 782 948 828 et

137 846 373 912 mosanguineum
386 845 437 895 sibi
449 844 552 911 Regem
563 843 746 911 Scytharum,
767 850 883 895 conatus
895 852 947 897 est.

137 917 231 981 specie
240 914 369 977 venandi,
380 916 487 964 omissis
498 916 644 965 maritimis
656 914 738 976 locis,
749 916 812 965 avia
822 914 946 965 saltuum

138 985 230 1051 petiit:
262 998 326 1034 mox
347 983 514 1049 pernicitate
534 985 595 1051 equi
615 984 651 1035 ad
671 998 779 1035 amnem
795 983 946 1050 Pyramum

138 1053 295 1116 contendit,
306 1054 386 1105 cuius
395 1058 493 1119 pontes
505 1052 620 1105 adcolae
630 1058 777 1119 ruperant,
787 1052 884 1103 audita
894 1052 946 1104 Re·

58 1124 62 1128 '
94 1129 98 1134 ’
137 1124 179 1191 gis
189 1122 269 1190 fuga3
285 1138 374 1190 neque
384 1122 455 1173 vado
467 1124 606 1188 penetrari
617 1127 743 1189 poterat:
771 1123 945 1189 Igiturinri·

138 1207 174 1258 pa
182 1191 304 1252 fluminis
313 1208 331 1243 a
341 1191 419 1243 Vibio
429 1192 581 1255 Frontone,
592 1191 734 1258 praefecto
746 1194 878 1258 equitum,
887 1193 943 1242 rin·

138 1263 219 1323 citur.
247 1276 313 1321 mox
323 1262 463 1312 Remmius
479 1272 623 1325 evocatus,
641 1260 730 1380 priori
741 1261 884 1312 custodiae
894 1260 946 1313 Re·

138 1334 181 1399 gis
192 1331 350 1403 adpositus,
371 1332 450 1397 quasi
461 1346 510 1397 per
520 1334 603 1394 iram,
622 1344 640 1397 g
652 1331 715 1381 adio
726 1345 789 1382 eum
801 1333 945 1398 transigite

139 1401 212 1452 unde
223 1404 312 1452 maior
323 1400 404 1462 tides,
424 1401 593 1453 conscientia
602 1400 714 1453 sceleris
726 1405 759 1451 et·
765 1405 841 1485 metu
851 1400 949 1453 indicii

140 1475 260 1524 mortem
269 1471 379 1524 Vononi
390 1471 514 1522 inlatam.
556 1517 559 1523 ,

191 1540 291 1593 LXlX.
320 1544 357 1594 At
369 1540 564 1604 Germanicus,
580 1541 708 1608 Aegypto
719 1554 861 1604 remeans,
881 1557 949 1594 cun·

37 1629 43 1639 ·
139 1618 199 1674 eta,
218 1626 289 1678 quac
303 1611 377 1677 apud
392 1606 578 1678 legioncseut
587 1612 670 1662 urbes
679 1611 813 1674 iusserat,
833 1612 951 1676 abolita,

137 1680 183 1732 vel
202 1683 232 1731 in
252 1681 427 1738 contrarium·
442 1692 524 1730 versa
544 1683 693 1746 cognoscit.
718 1678 782 1731 hinc
800 1695 899 1748 graves
918 1682 951 1733 in

138 1750 269 1804 Pisonem
280 1749 480 1810 contumeliam
492 1765 543 1800 uec
553 1752 643 1800 minus
654 1751 764 1812 acerba,
771 1765 842 1816 quae
853 1749 949 1802 abillo

5 1823 12 1834 ’
110 1820 168 1881 ,in
189 1819 335 1869 Gaesarem
362 1818 551 1868 tentabantur.
589 1818 662 1870 Dein
682 1819 746 1870 Piso
767 1821 845 1871 abire
866 1818 951 1886 Syria

137 1888 245 1939 statuit.
269 1900 333 1952 mox
344 1886 462 1938 adversa
472 1887 799 1942 Germanicivaletudine
810 1889 950 1954 detentus,

138 1957 186 2008 ubi
197 1961 354 2008 recreatum
364 1958 484 2022 accepit,
499 1962 620 2025 votaque
630 1972 680 2026 pro
691 1959 883 2010 incolumitate
893 1958 950 2010 sol·

138 2025 287 2087 rebantur,
307 2025 435 2077 admotas
446 2024 566 2089 hostias,
581 2028 765 2079 sacrificalem¹
772 2028 950 2094 adparatum,

137 2095 238 2147 festam
244 2094 469 2146 Antiochensium
481 2096 656 2162 plebem,per
666 2097 778 2149 lictores
789 2099 949 2164 proturbat.

137 2166 211 2217 Tum
222 2162 376 2216 Seleuciam
388 2165 557 2232 digreditur,
577 2169 722 2232 opperiens
733 2167 949 2236 aegritudinem,

138 2248 209 2301 quae
225 2245 336 2284 rursum
347 2234 514 2286 Germanico
525 2235 670 2293 acciderat.
688 2251 798 2288 saevam
809 2237 864 2286 rim
876 2251 950 2287 mm·-

137 2305 165 2354 bi
180 2303 302 2370 augebat
312 2306 457 2370 persuasio
467 2305 579 2366 veneni,
598 2320 615 2356 a
625 2305 727 2356 Pisone
737 2308 856 2372 accepti:
866 2310 896 2357 et
905 2320 950 2360 ro·

137 2372 318 2438 pariebantur
337 2373 399 2424 solo
419 2387 453 2425 ac
472 2374 625 2440 parietibus
643 2379 740 2426 erutae
761 2373 949 2427 humanorum

138 2455 285 2506 corporum
295 2442 443 2510 reliquiae,
453 2444 577 2494 carolina
587 2449 615 2495 et
626 2443 797 2508 devotiones,
806 2449 835 2496 et
845 2459 949 2498 nomen

138 2508 297 2562 Germanici
313 2511 448 2577 plumbeis
464 2512 568 2562 tabulis
584 2514 766 2579 insculptum,
786 2515 902 2565 semusti
912 2514 949 2564 ci·

138 2595 234 2643 ueros,
254 2595 287 2632 ac
297 2581 361 2633 tabe
372 2582 467 2644 obliti3
488 2580 600 2647 aliaque
611 2583 762 2646 maleficia,
782 2586 844 2652 quis
859 2582 948 2636 credi·

138 2654 185 2701 tur
196 2652 303 2702 animas
317 2653 475 2704 numinibus
488 2646 608 2704 infernis
622 2654 737 2704 sacrari.
769 2651 854 2705 simul
868 2651 946 2704 missi
