<?xml version="1.0" encoding="UTF-8"?>
<!DOCTYPE html PUBLIC "-//W3C//DTD XHTML 1.0 Transitional//EN"
    "http://www.w3.org/TR/xhtml1/DTD/xhtml1-transitional.dtd">
<html xmlns="http://www.w3.org/1999/xhtml" xml:lang="en" lang="en">
 <head>
  <title>
</title>
<meta http-equiv="Content-Type" content="text/html;charset=utf-8" />
  <meta name='ocr-system' content='tesseract 3.04.00' />
  <meta name='ocr-capabilities' content='ocr_page ocr_carea ocr_par ocr_line ocrx_word'/>
</head>
<body>
  <div class='ocr_page' id='page_1' title='image "./ccorneliitaciti00socigoog_0419.png"; bbox 0 0 2034 3025; ppageno 0'>
   <div class='ocr_carea' id='block_1_1' title="bbox 141 92 997 301">
    <p class='ocr_par' dir='ltr' id='par_1_1' title="bbox 141 92 997 301">
     <span class='ocr_line' id='line_1_1' title="bbox 142 92 997 215; baseline 0.016 -43"><span class='ocrx_word' id='word_1_1' title='bbox 142 121 205 173; x_wconf 73' lang='lat' dir='ltr'><strong>soa</strong></span> <span class='ocrx_word' id='word_1_2' title='bbox 259 92 659 193; x_wconf 76' lang='lat' dir='ltr'><strong>nuunnivn[s.‘v.s20.</strong></span> <span class='ocrx_word' id='word_1_3' title='bbox 680 127 823 200; x_wconf 60' lang='lat' dir='ltr'><strong>aaa]</strong></span> <span class='ocrx_word' id='word_1_4' title='bbox 991 209 997 215; x_wconf 23' lang='grc' dir='ltr'>Ι</span> 
     </span>
     <span class='ocr_line' id='line_1_2' title="bbox 141 225 946 301; baseline 0.014 -22"><span class='ocrx_word' id='word_1_5' title='bbox 141 225 193 279; x_wconf 89' lang='lat' dir='ltr'><strong>illa</strong></span> <span class='ocrx_word' id='word_1_6' title='bbox 202 225 352 277; x_wconf 85' lang='lat' dir='ltr'><strong>Nominum</strong></span> <span class='ocrx_word' id='word_1_7' title='bbox 363 228 392 277; x_wconf 92' lang='lat' dir='ltr'><strong>in</strong></span> <span class='ocrx_word' id='word_1_8' title='bbox 401 243 448 281; x_wconf 85' lang='lat' dir='ltr'><strong>res</strong></span> <span class='ocrx_word' id='word_1_9' title='bbox 457 231 597 282; x_wconf 85' lang='lat' dir='ltr'><strong>Romanas</strong></span> <span class='ocrx_word' id='word_1_10' title='bbox 607 232 675 295; x_wconf 79' lang='lat' dir='ltr'><strong>fuit,</strong></span> <span class='ocrx_word' id='word_1_11' title='bbox 695 232 856 301; x_wconf 76' lang='lat' dir='ltr'><strong>quam&#39;non,</strong></span> <span class='ocrx_word' id='word_1_12' title='bbox 874 239 946 291; x_wconf 87' lang='lat' dir='ltr'><strong>utin</strong></span> 
     </span>
    </p>
   </div>
   <div class='ocr_carea' id='block_1_2' title="bbox 64 294 959 2647">
    <p class='ocr_par' dir='ltr' id='par_1_2' title="bbox 64 294 959 2647">
     <span class='ocr_line' id='line_1_3' title="bbox 143 294 946 366; baseline 0.016 -19"><span class='ocrx_word' id='word_1_13' title='bbox 143 294 267 362; x_wconf 80' lang='lat' dir='ltr'><strong>cladibus</strong></span> <span class='ocrx_word' id='word_1_14' title='bbox 281 298 452 350; x_wconf 75' lang='lat' dir='ltr'><strong>exercituum</strong></span> <span class='ocrx_word' id='word_1_15' title='bbox 467 303 518 349; x_wconf 88' lang='lat' dir='ltr'><strong>aut</strong></span> <span class='ocrx_word' id='word_1_16' title='bbox 537 302 695 366; x_wconf 77' lang='lat' dir='ltr'>captivitate</span> <span class='ocrx_word' id='word_1_17' title='bbox 715 303 837 366; x_wconf 86' lang='lat' dir='ltr'><strong>urbium,</strong></span> <span class='ocrx_word' id='word_1_18' title='bbox 856 305 946 360; x_wconf 81' lang='lat' dir='ltr'><strong>semel</strong></span> 
     </span>
     <span class='ocr_line' id='line_1_4' title="bbox 143 364 947 429; baseline 0.016 -14"><span class='ocrx_word' id='word_1_19' title='bbox 143 364 246 415; x_wconf 81' lang='lat' dir='ltr'><strong>editam</strong></span> <span class='ocrx_word' id='word_1_20' title='bbox 257 366 378 415; x_wconf 87' lang='lat' dir='ltr'><strong>transire</strong></span> <span class='ocrx_word' id='word_1_21' title='bbox 387 366 462 417; x_wconf 87' lang='lat' dir='ltr'><strong>licet.</strong></span> <span class='ocrx_word' id='word_1_22' title='bbox 485 367 578 419; x_wconf 83' lang='lat' dir='ltr'>Detur</span> <span class='ocrx_word' id='word_1_23' title='bbox 588 368 641 420; x_wconf 86' lang='lat' dir='ltr'><strong>boc</strong></span> <span class='ocrx_word' id='word_1_24' title='bbox 650 370 811 424; x_wconf 80' lang='lat' dir='ltr'><strong>inlustrium</strong></span> <span class='ocrx_word' id='word_1_25' title='bbox 821 376 947 429; x_wconf 82' lang='lat' dir='ltr'><strong>virorum</strong></span> 
     </span>
     <span class='ocr_line' id='line_1_5' title="bbox 133 421 950 510; baseline 0.01 -28"><span class='ocrx_word' id='word_1_26' title='bbox 133 421 308 500; x_wconf 79' lang='lat' dir='ltr'><strong>posteritati,</strong></span> <span class='ocrx_word' id='word_1_27' title='bbox 319 436 358 495; x_wconf 90' lang='lat' dir='ltr'><strong>ut,</strong></span> <span class='ocrx_word' id='word_1_28' title='bbox 370 435 507 501; x_wconf 89' lang='lat' dir='ltr'><strong>quomodo</strong></span> <span class='ocrx_word' id='word_1_29' title='bbox 518 439 655 505; x_wconf 75' lang='lat' dir='ltr'>exsequiis</span> <span class='ocrx_word' id='word_1_30' title='bbox 662 443 843 507; x_wconf 86' lang='lat' dir='ltr'><strong>apromiscua</strong></span> <span class='ocrx_word' id='word_1_31' title='bbox 853 444 950 510; x_wconf 89' lang='lat' dir='ltr'><strong>sepul.</strong></span> 
     </span>
     <span class='ocr_line' id='line_1_6' title="bbox 141 505 948 575; baseline 0.019 -23"><span class='ocrx_word' id='word_1_32' title='bbox 141 509 206 552; x_wconf 88' lang='lat' dir='ltr'><strong>tura</strong></span> <span class='ocrx_word' id='word_1_33' title='bbox 216 507 388 566; x_wconf 81' lang='lat' dir='ltr'><strong>separaubir,</strong></span> <span class='ocrx_word' id='word_1_34' title='bbox 398 505 448 567; x_wconf 82' lang='lat' dir='ltr'><strong>ita,</strong></span> <span class='ocrx_word' id='word_1_35' title='bbox 458 505 487 554; x_wconf 92' lang='lat' dir='ltr'><strong>iu</strong></span> <span class='ocrx_word' id='word_1_36' title='bbox 498 505 648 559; x_wconf 82' lang='lat' dir='ltr'><strong>traditione</strong></span> <span class='ocrx_word' id='word_1_37' title='bbox 659 524 860 575; x_wconf 88' lang='lat' dir='ltr'><strong>supremorum,</strong></span> <span class='ocrx_word' id='word_1_38' title='bbox 874 517 948 569; x_wconf 83' lang='lat' dir='ltr'><strong>aeri.</strong></span> 
     </span>
     <span class='ocr_line' id='line_1_7' title="bbox 140 568 837 647; baseline 0.016 -26"><span class='ocrx_word' id='word_1_39' title='bbox 140 573 221 637; x_wconf 85' lang='lat' dir='ltr'><strong>piant</strong></span> <span class='ocrx_word' id='word_1_40' title='bbox 230 568 403 638; x_wconf 90' lang='lat' dir='ltr'><strong>habeantque</strong></span> <span class='ocrx_word' id='word_1_41' title='bbox 413 574 555 639; x_wconf 88' lang='lat' dir='ltr'><strong>propriam</strong></span> <span class='ocrx_word' id='word_1_42' title='bbox 565 579 736 629; x_wconf 89' lang='lat' dir='ltr'><strong>memoriam.</strong></span> <span class='ocrx_word' id='word_1_43' title='bbox 833 642 837 647; x_wconf 21' lang='grc' dir='ltr'>ι</span> 
     </span>
     <span class='ocr_line' id='line_1_8' title="bbox 133 638 944 717; baseline 0.02 -27"><span class='ocrx_word' id='word_1_44' title='bbox 133 682 137 690; x_wconf 91' lang='grc'><em>,</em></span> <span class='ocrx_word' id='word_1_45' title='bbox 192 638 279 689; x_wconf 78' lang='lat' dir='ltr'><strong>xvii.</strong></span> <span class='ocrx_word' id='word_1_46' title='bbox 297 638 406 691; x_wconf 86' lang='lat' dir='ltr'><strong>Paucos</strong></span> <span class='ocrx_word' id='word_1_47' title='bbox 421 644 522 708; x_wconf 79' lang='lat' dir='ltr'><strong>quippe</strong></span> <span class='ocrx_word' id='word_1_48' title='bbox 536 644 611 695; x_wconf 87' lang='lat' dir='ltr'><strong>intra</strong></span> <span class='ocrx_word' id='word_1_49' title='bbox 625 646 696 710; x_wconf 85' lang='lat' dir='ltr'><strong>dies,</strong></span> <span class='ocrx_word' id='word_1_50' title='bbox 717 648 814 700; x_wconf 83' lang='lat' dir='ltr'><strong>eodem</strong></span> <span class='ocrx_word' id='word_1_51' title='bbox 825 654 944 717; x_wconf 82' lang='lat' dir='ltr'><strong>agmine,</strong></span> 
     </span>
     <span class='ocr_line' id='line_1_9' title="bbox 139 708 947 784; baseline 0.025 -29"><span class='ocrx_word' id='word_1_52' title='bbox 139 709 270 780; x_wconf 77' lang='lat' dir='ltr'><strong>Annaeus</strong></span> <span class='ocrx_word' id='word_1_53' title='bbox 279 708 377 771; x_wconf 86' lang='lat' dir='ltr'><strong>Mella,</strong></span> <span class='ocrx_word' id='word_1_54' title='bbox 388 711 504 766; x_wconf 87' lang='lat' dir='ltr'><strong>Cerialis</strong></span> <span class='ocrx_word' id='word_1_55' title='bbox 513 713 635 777; x_wconf 79' lang='lat' dir='ltr'><strong>Anicius,</strong></span> <span class='ocrx_word' id='word_1_56' title='bbox 650 717 748 767; x_wconf 86' lang='lat' dir='ltr'><strong>Rufius</strong></span> <span class='ocrx_word' id='word_1_57' title='bbox 759 719 901 784; x_wconf 83' lang='lat' dir='ltr'><strong>Crispinus</strong></span> <span class='ocrx_word' id='word_1_58' title='bbox 911 737 947 775; x_wconf 83' lang='lat' dir='ltr'><strong>ae</strong></span> 
     </span>
     <span class='ocr_line' id='line_1_10' title="bbox 141 774 944 857; baseline 0.019 -30"><span class='ocrx_word' id='word_1_59' title='bbox 141 778 169 827; x_wconf 84' lang='lat' dir='ltr'><strong>G.</strong></span> <span class='ocrx_word' id='word_1_60' title='bbox 180 774 329 826; x_wconf 81' lang='lat' dir='ltr'><strong>Petronius</strong></span> <span class='ocrx_word' id='word_1_61' title='bbox 340 779 474 831; x_wconf 86' lang='lat' dir='ltr'><strong>cecidere.</strong></span> <span class='ocrx_word' id='word_1_62' title='bbox 509 780 598 832; x_wconf 88' lang='lat' dir='ltr'><strong>Mella</strong></span> <span class='ocrx_word' id='word_1_63' title='bbox 612 789 641 836; x_wconf 87' lang='lat' dir='ltr'><strong>et</strong></span> <span class='ocrx_word' id='word_1_64' title='bbox 657 786 809 851; x_wconf 83' lang='lat' dir='ltr'><strong>Crispinus,</strong></span> <span class='ocrx_word' id='word_1_65' title='bbox 826 790 944 857; x_wconf 79' lang='lat' dir='ltr'><strong>Equites</strong></span> 
     </span>
     <span class='ocr_line' id='line_1_11' title="bbox 139 844 946 922; baseline 0.02 -27"><span class='ocrx_word' id='word_1_66' title='bbox 139 844 265 905; x_wconf 86' lang='lat' dir='ltr'><strong>Romani,</strong></span> <span class='ocrx_word' id='word_1_67' title='bbox 276 845 411 911; x_wconf 79' lang='lat' dir='ltr'><strong>dignitate</strong></span> <span class='ocrx_word' id='word_1_68' title='bbox 422 846 576 901; x_wconf 79' lang='lat' dir='ltr'><strong>Senatorio.</strong></span> <span class='ocrx_word' id='word_1_69' title='bbox 588 866 650 903; x_wconf 88' lang='lat' dir='ltr'><strong>nem</strong></span> <span class='ocrx_word' id='word_1_70' title='bbox 662 852 706 904; x_wconf 88' lang='lat' dir='ltr'><strong>hic</strong></span> <span class='ocrx_word' id='word_1_71' title='bbox 716 857 853 922; x_wconf 88' lang='lat' dir='ltr'><strong>quondam</strong></span> <span class='ocrx_word' id='word_1_72' title='bbox 859 858 946 913; x_wconf 91' lang='lat' dir='ltr'><strong>Prae-</strong></span> 
     </span>
     <span class='ocr_line' id='line_1_12' title="bbox 140 911 943 995; baseline 0.019 -31"><span class='ocrx_word' id='word_1_73' title='bbox 140 911 230 972; x_wconf 80' lang='lat' dir='ltr'><strong>fectus</strong></span> <span class='ocrx_word' id='word_1_74' title='bbox 240 912 390 977; x_wconf 82' lang='lat' dir='ltr'><strong>Praetorii‚</strong></span> <span class='ocrx_word' id='word_1_75' title='bbox 406 922 435 967; x_wconf 90' lang='lat' dir='ltr'><strong>et</strong></span> <span class='ocrx_word' id='word_1_76' title='bbox 446 918 641 973; x_wconf 81' lang='lat' dir='ltr'><strong>consularibus</strong></span> <span class='ocrx_word' id='word_1_77' title='bbox 652 924 804 991; x_wconf 83' lang='lat' dir='ltr'><strong>insignibus</strong></span> <span class='ocrx_word' id='word_1_78' title='bbox 814 926 943 995; x_wconf 86' lang='lat' dir='ltr'><strong>donatus,</strong></span> 
     </span>
     <span class='ocr_line' id='line_1_13' title="bbox 140 984 943 1062; baseline 0.022 -32"><span class='ocrx_word' id='word_1_79' title='bbox 140 993 175 1032; x_wconf 86' lang='lat' dir='ltr'><strong>ao</strong></span> <span class='ocrx_word' id='word_1_80' title='bbox 184 995 273 1047; x_wconf 86' lang='lat' dir='ltr'><strong>nuper</strong></span> <span class='ocrx_word' id='word_1_81' title='bbox 283 984 396 1035; x_wconf 87' lang='lat' dir='ltr'><strong>erimine</strong></span> <span class='ocrx_word' id='word_1_82' title='bbox 407 988 605 1041; x_wconf 89' lang='lat' dir='ltr'><strong>coniurationis</strong></span> <span class='ocrx_word' id='word_1_83' title='bbox 614 990 806 1045; x_wconf 87' lang='lat' dir='ltr'><strong>iuSardiniam</strong></span> <span class='ocrx_word' id='word_1_84' title='bbox 818 1002 943 1062; x_wconf 82' lang='lat' dir='ltr'><strong>exactus,</strong></span> 
     </span>
     <span class='ocr_line' id='line_1_14' title="bbox 64 1054 946 1121; baseline 0.017 -17"><span class='ocrx_word' id='word_1_85' title='bbox 64 1098 68 1104; x_wconf 93' lang='lat'><strong>.</strong></span> <span class='ocrx_word' id='word_1_86' title='bbox 140 1056 257 1117; x_wconf 85' lang='lat' dir='ltr'><strong>accepto</strong></span> <span class='ocrx_word' id='word_1_87' title='bbox 266 1054 358 1104; x_wconf 89' lang='lat' dir='ltr'><strong>iussae</strong></span> <span class='ocrx_word' id='word_1_88' title='bbox 364 1056 465 1107; x_wconf 84' lang='lat' dir='ltr'><strong>mortis</strong></span> <span class='ocrx_word' id='word_1_89' title='bbox 476 1060 583 1121; x_wconf 90' lang='lat' dir='ltr'><strong>nuntio,</strong></span> <span class='ocrx_word' id='word_1_90' title='bbox 598 1067 688 1112; x_wconf 85' lang='lat' dir='ltr'><strong>semet</strong></span> <span class='ocrx_word' id='word_1_91' title='bbox 697 1056 845 1116; x_wconf 76' lang='lat' dir='ltr'><strong>interfecit.</strong></span> <span class='ocrx_word' id='word_1_92' title='bbox 858 1066 946 1119; x_wconf 68' lang='lat' dir='ltr'><strong>‘Mel-</strong></span> 
     </span>
     <span class='ocr_line' id='line_1_15' title="bbox 86 1118 946 1199; baseline 0.021 -32"><span class='ocrx_word' id='word_1_93' title='bbox 86 1173 90 1177; x_wconf 20' lang='lat'><strong>‘</strong></span> <span class='ocrx_word' id='word_1_94' title='bbox 140 1118 178 1183; x_wconf 84' lang='lat' dir='ltr'><strong>la,</strong></span> <span class='ocrx_word' id='word_1_95' title='bbox 190 1121 286 1187; x_wconf 84' lang='lat' dir='ltr'><strong>quibus</strong></span> <span class='ocrx_word' id='word_1_96' title='bbox 292 1122 384 1186; x_wconf 80' lang='lat' dir='ltr'><strong>Gallio</strong></span> <span class='ocrx_word' id='word_1_97' title='bbox 396 1129 425 1175; x_wconf 86' lang='lat' dir='ltr'><strong>et</strong></span> <span class='ocrx_word' id='word_1_98' title='bbox 435 1122 550 1190; x_wconf 87' lang='lat' dir='ltr'><strong>Seneca,</strong></span> <span class='ocrx_word' id='word_1_99' title='bbox 561 1132 722 1195; x_wconf 87' lang='lat' dir='ltr'><strong>parentibus</strong></span> <span class='ocrx_word' id='word_1_100' title='bbox 733 1138 821 1195; x_wconf 86' lang='lat' dir='ltr'><strong>natus,</strong></span> <span class='ocrx_word' id='word_1_101' title='bbox 832 1137 946 1199; x_wconf 88' lang='lat' dir='ltr'><strong>petitio.</strong></span> 
     </span>
     <span class='ocr_line' id='line_1_16' title="bbox 79 1187 946 1267; baseline 0.022 -29"><span class='ocrx_word' id='word_1_102' title='bbox 79 1187 81 1192; x_wconf 65' lang='grc'><strong>“</strong></span> <span class='ocrx_word' id='word_1_103' title='bbox 139 1188 322 1254; x_wconf 29' lang='grc' dir='ltr'>ῃοΙΙὶοηοῐιιιη</span> <span class='ocrx_word' id='word_1_104' title='bbox 338 1192 511 1247; x_wconf 80' lang='lat' dir='ltr'><strong>abstinuerat</strong></span> <span class='ocrx_word' id='word_1_105' title='bbox 525 1211 575 1263; x_wconf 90' lang='lat' dir='ltr'><strong>per</strong></span> <span class='ocrx_word' id='word_1_106' title='bbox 589 1200 766 1251; x_wconf 86' lang='lat' dir='ltr'><strong>ambitionem</strong></span> <span class='ocrx_word' id='word_1_107' title='bbox 781 1209 946 1267; x_wconf 87' lang='lat' dir='ltr'><strong>praeposte.</strong></span> 
     </span>
     <span class='ocr_line' id='line_1_17' title="bbox 138 1261 944 1335; baseline 0.017 -27"><span class='ocrx_word' id='word_1_108' title='bbox 138 1272 213 1321; x_wconf 88' lang='lat' dir='ltr'><strong>ram,</strong></span> <span class='ocrx_word' id='word_1_109' title='bbox 232 1265 265 1309; x_wconf 86' lang='lat' dir='ltr'><strong>nt</strong></span> <span class='ocrx_word' id='word_1_110' title='bbox 279 1261 370 1327; x_wconf 83' lang='lat' dir='ltr'><strong>Eques</strong></span> <span class='ocrx_word' id='word_1_111' title='bbox 384 1264 525 1315; x_wconf 73' lang='lat' dir='ltr'><strong>Romnum</strong></span> <span class='ocrx_word' id='word_1_112' title='bbox 541 1266 738 1333; x_wconf 76' lang='lat' dir='ltr'><strong>Consularibus</strong></span> <span class='ocrx_word' id='word_1_113' title='bbox 752 1274 878 1335; x_wconf 87' lang='lat' dir='ltr'><strong>potentia</strong></span> <span class='ocrx_word' id='word_1_114' title='bbox 893 1286 944 1325; x_wconf 86' lang='lat' dir='ltr'><strong>ae.</strong></span> 
     </span>
     <span class='ocr_line' id='line_1_18' title="bbox 140 1330 943 1399; baseline 0.016 -20"><span class='ocrx_word' id='word_1_115' title='bbox 140 1333 281 1395; x_wconf 86' lang='lat' dir='ltr'><strong>quaretur.</strong></span> <span class='ocrx_word' id='word_1_116' title='bbox 299 1332 381 1381; x_wconf 92' lang='lat' dir='ltr'><strong>simul</strong></span> <span class='ocrx_word' id='word_1_117' title='bbox 400 1330 587 1399; x_wconf 83' lang='lat' dir='ltr'><strong>adquirendae</strong></span> <span class='ocrx_word' id='word_1_118' title='bbox 605 1338 738 1395; x_wconf 80' lang='lat' dir='ltr'><strong>pecuniae</strong></span> <span class='ocrx_word' id='word_1_119' title='bbox 757 1339 867 1389; x_wconf 80' lang='lat' dir='ltr'><strong>brevius</strong></span> <span class='ocrx_word' id='word_1_120' title='bbox 886 1342 943 1395; x_wconf 74' lang='lat' dir='ltr'><strong>iter</strong></span> 
     </span>
     <span class='ocr_line' id='line_1_19' title="bbox 140 1397 941 1467; baseline -0.001 -18"><span class='ocrx_word' id='word_1_121' title='bbox 140 1398 280 1462; x_wconf 80' lang='lat' dir='ltr'><strong>credebat,</strong></span> <span class='ocrx_word' id='word_1_122' title='bbox 290 1414 340 1465; x_wconf 88' lang='lat' dir='ltr'><strong>per</strong></span> <span class='ocrx_word' id='word_1_123' title='bbox 350 1398 560 1467; x_wconf 78' lang='lat' dir='ltr'><strong>procurationei</strong></span> <span class='ocrx_word' id='word_1_124' title='bbox 571 1398 793 1451; x_wconf 87' lang='lat' dir='ltr'><strong>administrandis</strong></span> <span class='ocrx_word' id='word_1_125' title='bbox 803 1397 941 1463; x_wconf 85' lang='lat' dir='ltr'><strong>Principis</strong></span> 
     </span>
     <span class='ocr_line' id='line_1_20' title="bbox 138 1466 942 1538; baseline 0.002 -20"><span class='ocrx_word' id='word_1_126' title='bbox 138 1470 268 1536; x_wconf 80' lang='lat' dir='ltr'><strong>negotiis.</strong></span> <span class='ocrx_word' id='word_1_127' title='bbox 290 1470 366 1523; x_wconf 86' lang='lat' dir='ltr'><strong>idem</strong></span> <span class='ocrx_word' id='word_1_128' title='bbox 377 1472 521 1522; x_wconf 74' lang='lat' dir='ltr'><strong>Annaeum</strong></span> <span class='ocrx_word' id='word_1_129' title='bbox 531 1470 675 1522; x_wconf 89' lang='lat' dir='ltr'><strong>Lucanum</strong></span> <span class='ocrx_word' id='word_1_130' title='bbox 685 1472 826 1538; x_wconf 85' lang='lat' dir='ltr'><strong>genuerat,</strong></span> <span class='ocrx_word' id='word_1_131' title='bbox 837 1466 942 1536; x_wconf 79' lang='lat' dir='ltr'><strong>grande</strong></span> 
     </span>
     <span class='ocr_line' id='line_1_21' title="bbox 139 1537 940 1618; baseline -0.001 -30"><span class='ocrx_word' id='word_1_132' title='bbox 139 1538 330 1590; x_wconf 86' lang='lat' dir='ltr'><strong>adiumentum</strong></span> <span class='ocrx_word' id='word_1_133' title='bbox 340 1540 522 1591; x_wconf 82' lang='lat' dir='ltr'><strong>claritudinis.</strong></span> <span class='ocrx_word' id='word_1_134' title='bbox 551 1556 606 1608; x_wconf 92' lang='lat' dir='ltr'><strong>quo</strong></span> <span class='ocrx_word' id='word_1_135' title='bbox 620 1539 782 1604; x_wconf 87' lang='lat' dir='ltr'><strong>interfecto,</strong></span> <span class='ocrx_word' id='word_1_136' title='bbox 803 1537 867 1589; x_wconf 90' lang='lat' dir='ltr'><strong>dum</strong></span> <span class='ocrx_word' id='word_1_137' title='bbox 880 1551 940 1618; x_wconf 81' lang='lat' dir='ltr'><strong>reip</strong></span> 
     </span>
     <span class='ocr_line' id='line_1_22' title="bbox 139 1606 944 1675; baseline 0 -18"><span class='ocrx_word' id='word_1_138' title='bbox 139 1606 304 1660; x_wconf 83' lang='lat' dir='ltr'><strong>familiarem</strong></span> <span class='ocrx_word' id='word_1_139' title='bbox 316 1611 376 1659; x_wconf 84' lang='lat' dir='ltr'><strong>eius</strong></span> <span class='ocrx_word' id='word_1_140' title='bbox 388 1611 491 1660; x_wconf 88' lang='lat' dir='ltr'><strong>acriter</strong></span> <span class='ocrx_word' id='word_1_141' title='bbox 500 1611 629 1675; x_wconf 83' lang='lat' dir='ltr'><strong>requirit,</strong></span> <span class='ocrx_word' id='word_1_142' title='bbox 648 1610 842 1661; x_wconf 75' lang='lat' dir='ltr'><strong>adcuratorem</strong></span> <span class='ocrx_word' id='word_1_143' title='bbox 853 1613 944 1674; x_wconf 73' lang='lat' dir='ltr'><strong>coner-</strong></span> 
     </span>
     <span class='ocr_line' id='line_1_23' title="bbox 138 1677 941 1739; baseline 0.002 -16"><span class='ocrx_word' id='word_1_144' title='bbox 138 1679 181 1726; x_wconf 85' lang='lat' dir='ltr'><strong>uit</strong></span> <span class='ocrx_word' id='word_1_145' title='bbox 199 1677 316 1728; x_wconf 84' lang='lat' dir='ltr'><strong>Fabium</strong></span> <span class='ocrx_word' id='word_1_146' title='bbox 334 1678 507 1739; x_wconf 89' lang='lat' dir='ltr'><strong>Romanum,</strong></span> <span class='ocrx_word' id='word_1_147' title='bbox 530 1691 564 1727; x_wconf 81' lang='lat' dir='ltr'><strong>ex</strong></span> <span class='ocrx_word' id='word_1_148' title='bbox 581 1679 686 1727; x_wconf 87' lang='lat' dir='ltr'><strong>intimis</strong></span> <span class='ocrx_word' id='word_1_149' title='bbox 704 1677 810 1726; x_wconf 88' lang='lat' dir='ltr'><strong>Lucani</strong></span> <span class='ocrx_word' id='word_1_150' title='bbox 838 1678 941 1738; x_wconf 77' lang='lat' dir='ltr'><strong>amicis.</strong></span> 
     </span>
     <span class='ocr_line' id='line_1_24' title="bbox 140 1743 942 1810; baseline 0.004 -17"><span class='ocrx_word' id='word_1_151' title='bbox 140 1743 234 1794; x_wconf 71' lang='lat' dir='ltr'><strong>Misia</strong></span> <span class='ocrx_word' id='word_1_152' title='bbox 250 1744 323 1795; x_wconf 85' lang='lat' dir='ltr'><strong>inter</strong></span> <span class='ocrx_word' id='word_1_153' title='bbox 338 1754 449 1810; x_wconf 81' lang='lat' dir='ltr'><strong>patrem</strong></span> <span class='ocrx_word' id='word_1_154' title='bbox 466 1745 606 1810; x_wconf 78' lang='lat' dir='ltr'><strong>filiumque</strong></span> <span class='ocrx_word' id='word_1_155' title='bbox 619 1743 812 1796; x_wconf 81' lang='lat' dir='ltr'><strong>coniurationia</strong></span> <span class='ocrx_word' id='word_1_156' title='bbox 828 1744 942 1796; x_wconf 79' lang='lat' dir='ltr'><strong>scientis</strong></span> 
     </span>
     <span class='ocr_line' id='line_1_25' title="bbox 128 1811 945 1881; baseline 0.001 -19"><span class='ocrx_word' id='word_1_157' title='bbox 128 1811 273 1881; x_wconf 58' lang='lat' dir='ltr'><strong>&#39;flavitum</strong></span> <span class='ocrx_word' id='word_1_158' title='bbox 291 1812 462 1862; x_wconf 80' lang='lat' dir='ltr'><strong>adsimulatis</strong></span> <span class='ocrx_word' id='word_1_159' title='bbox 474 1811 582 1861; x_wconf 81' lang='lat' dir='ltr'><strong>Lucani</strong></span> <span class='ocrx_word' id='word_1_160' title='bbox 596 1811 705 1861; x_wconf 86' lang='lat' dir='ltr'><strong>litteris.</strong></span> <span class='ocrx_word' id='word_1_161' title='bbox 725 1825 792 1876; x_wconf 90' lang='lat' dir='ltr'><strong>quas</strong></span> <span class='ocrx_word' id='word_1_162' title='bbox 803 1812 945 1876; x_wconf 84' lang='lat' dir='ltr'><strong>inspectas</strong></span> 
     </span>
     <span class='ocr_line' id='line_1_26' title="bbox 140 1853 943 1953; baseline 0.005 -22"><span class='ocrx_word' id='word_1_163' title='bbox 140 1853 215 1931; x_wconf 43' lang='lat' dir='ltr'><strong>Nelo</strong></span> <span class='ocrx_word' id='word_1_164' title='bbox 229 1879 307 1953; x_wconf 81' lang='lat' dir='ltr'><strong>ferri</strong></span> <span class='ocrx_word' id='word_1_165' title='bbox 326 1881 364 1932; x_wconf 83' lang='lat' dir='ltr'><strong>ud</strong></span> <span class='ocrx_word' id='word_1_166' title='bbox 379 1897 437 1932; x_wconf 85' lang='lat' dir='ltr'><strong>eum</strong></span> <span class='ocrx_word' id='word_1_167' title='bbox 459 1879 546 1939; x_wconf 89' lang='lat' dir='ltr'><strong>iussit,</strong></span> <span class='ocrx_word' id='word_1_168' title='bbox 565 1880 663 1944; x_wconf 90' lang='lat' dir='ltr'><strong>opibus</strong></span> <span class='ocrx_word' id='word_1_169' title='bbox 679 1879 738 1928; x_wconf 88' lang='lat' dir='ltr'><strong>eius</strong></span> <span class='ocrx_word' id='word_1_170' title='bbox 752 1877 869 1930; x_wconf 82' lang='lat' dir='ltr'><strong>inhians.</strong></span> <span class='ocrx_word' id='word_1_171' title='bbox 906 1885 943 1934; x_wconf 80' lang='lat' dir='ltr'><strong>nt</strong></span> 
     </span>
     <span class='ocr_line' id='line_1_27' title="bbox 138 1947 943 2016; baseline 0.004 -17"><span class='ocrx_word' id='word_1_172' title='bbox 138 1949 241 2011; x_wconf 83' lang='lat' dir='ltr'><strong>Mella,</strong></span> <span class='ocrx_word' id='word_1_173' title='bbox 262 1964 334 2016; x_wconf 81' lang='lat' dir='ltr'><strong>quae</strong></span> <span class='ocrx_word' id='word_1_174' title='bbox 344 1954 403 1999; x_wconf 86' lang='lat' dir='ltr'><strong>tum</strong></span> <span class='ocrx_word' id='word_1_175' title='bbox 419 1947 624 2014; x_wconf 89' lang='lat' dir='ltr'><strong>promptissima</strong></span> <span class='ocrx_word' id='word_1_176' title='bbox 638 1949 801 2012; x_wconf 69' lang='lat' dir='ltr'><strong>mortisue,</strong></span> <span class='ocrx_word' id='word_1_177' title='bbox 821 1951 943 2004; x_wconf 76' lang='lat' dir='ltr'><strong>exsoluit</strong></span> 
     </span>
     <span class='ocr_line' id='line_1_28' title="bbox 138 2017 940 2085; baseline 0.006 -19"><span class='ocrx_word' id='word_1_178' title='bbox 138 2033 235 2069; x_wconf 83' lang='lat' dir='ltr'><strong>venas:</strong></span> <span class='ocrx_word' id='word_1_179' title='bbox 253 2020 365 2084; x_wconf 83' lang='lat' dir='ltr'><strong>scriptis</strong></span> <span class='ocrx_word' id='word_1_180' title='bbox 375 2017 519 2079; x_wconf 85' lang='lat' dir='ltr'><strong>codicillis,</strong></span> <span class='ocrx_word' id='word_1_181' title='bbox 540 2017 640 2084; x_wconf 89' lang='lat' dir='ltr'><strong>quibus</strong></span> <span class='ocrx_word' id='word_1_182' title='bbox 650 2018 782 2084; x_wconf 88' lang='lat' dir='ltr'><strong>grandem</strong></span> <span class='ocrx_word' id='word_1_183' title='bbox 794 2022 940 2085; x_wconf 86' lang='lat' dir='ltr'><strong>pecuniam</strong></span> 
     </span>
     <span class='ocr_line' id='line_1_29' title="bbox 138 2087 942 2156; baseline 0.004 -18"><span class='ocrx_word' id='word_1_184' title='bbox 138 2088 168 2138; x_wconf 91' lang='lat' dir='ltr'><strong>in</strong></span> <span class='ocrx_word' id='word_1_185' title='bbox 178 2087 356 2156; x_wconf 85' lang='lat' dir='ltr'><strong>Tigellinum,</strong></span> <span class='ocrx_word' id='word_1_186' title='bbox 375 2101 562 2156; x_wconf 70' lang='lat' dir='ltr'><strong>generumque</strong></span> <span class='ocrx_word' id='word_1_187' title='bbox 574 2087 640 2150; x_wconf 85' lang='lat' dir='ltr'><strong>eius,</strong></span> <span class='ocrx_word' id='word_1_188' title='bbox 659 2089 853 2140; x_wconf 82' lang='lat' dir='ltr'><strong>Cossutianum</strong></span> <span class='ocrx_word' id='word_1_189' title='bbox 865 2091 942 2156; x_wconf 84' lang='lat' dir='ltr'><strong>Capi-</strong></span> 
     </span>
     <span class='ocr_line' id='line_1_30' title="bbox 138 2159 943 2227; baseline -0.004 -19"><span class='ocrx_word' id='word_1_190' title='bbox 138 2160 243 2221; x_wconf 82' lang='lat' dir='ltr'><strong>tonem,</strong></span> <span class='ocrx_word' id='word_1_191' title='bbox 255 2159 397 2226; x_wconf 85' lang='lat' dir='ltr'><strong>erogabat,</strong></span> <span class='ocrx_word' id='word_1_192' title='bbox 408 2173 462 2227; x_wconf 92' lang='lat' dir='ltr'><strong>quo</strong></span> <span class='ocrx_word' id='word_1_193' title='bbox 474 2163 569 2209; x_wconf 83' lang='lat' dir='ltr'><strong>cetera</strong></span> <span class='ocrx_word' id='word_1_194' title='bbox 580 2163 732 2209; x_wconf 87' lang='lat' dir='ltr'><strong>manerent.</strong></span> <span class='ocrx_word' id='word_1_195' title='bbox 768 2159 886 2211; x_wconf 76' lang='lat' dir='ltr'><strong>Additur</strong></span> <span class='ocrx_word' id='word_1_196' title='bbox 896 2175 943 2209; x_wconf 71' lang='lat' dir='ltr'><strong>eii.</strong></span> 
     </span>
     <span class='ocr_line' id='line_1_31' title="bbox 121 2226 942 2296; baseline 0.001 -16"><span class='ocrx_word' id='word_1_197' title='bbox 121 2226 253 2293; x_wconf 73' lang='lat' dir='ltr'><strong>diullio,</strong></span> <span class='ocrx_word' id='word_1_198' title='bbox 272 2234 414 2296; x_wconf 88' lang='lat' dir='ltr'><strong>tamquam</strong></span> <span class='ocrx_word' id='word_1_199' title='bbox 433 2229 467 2282; x_wconf 89' lang='lat' dir='ltr'><strong>de</strong></span> <span class='ocrx_word' id='word_1_200' title='bbox 486 2229 636 2296; x_wconf 88' lang='lat' dir='ltr'><strong>iniquitate</strong></span> <span class='ocrx_word' id='word_1_201' title='bbox 656 2229 732 2279; x_wconf 82' lang='lat' dir='ltr'><strong>exitii</strong></span> <span class='ocrx_word' id='word_1_202' title='bbox 752 2237 881 2295; x_wconf 85' lang='lat' dir='ltr'><strong>querens,</strong></span> <span class='ocrx_word' id='word_1_203' title='bbox 900 2231 942 2282; x_wconf 87' lang='lat' dir='ltr'><strong>ita</strong></span> 
     </span>
     <span class='ocr_line' id='line_1_32' title="bbox 139 2295 942 2369; baseline 0 -21"><span class='ocrx_word' id='word_1_204' title='bbox 139 2300 297 2364; x_wconf 82' lang='lat' dir='ltr'><strong>scripsisse:</strong></span> <span class='ocrx_word' id='word_1_205' title='bbox 320 2314 346 2351; x_wconf 67' lang='lat' dir='ltr'><strong>ee</strong></span> <span class='ocrx_word' id='word_1_206' title='bbox 367 2298 471 2369; x_wconf 75' lang='lat' dir='ltr'><strong>quidem</strong></span> <span class='ocrx_word' id='word_1_207' title='bbox 489 2297 559 2351; x_wconf 87' lang='lat' dir='ltr'><strong>mori</strong></span> <span class='ocrx_word' id='word_1_208' title='bbox 578 2295 659 2349; x_wconf 73' lang='lat' dir='ltr'><strong>millia</strong></span> <span class='ocrx_word' id='word_1_209' title='bbox 678 2297 805 2365; x_wconf 83' lang='lat' dir='ltr'><strong>supplicii</strong></span> <span class='ocrx_word' id='word_1_210' title='bbox 822 2297 942 2355; x_wconf 77' lang='lat' dir='ltr'><strong>caussis,-</strong></span> 
     </span>
     <span class='ocr_line' id='line_1_33' title="bbox 138 2365 940 2437; baseline 0.001 -19"><span class='ocrx_word' id='word_1_211' title='bbox 138 2367 252 2437; x_wconf 83' lang='lat' dir='ltr'><strong>Ruflum</strong></span> <span class='ocrx_word' id='word_1_212' title='bbox 272 2377 364 2421; x_wconf 81' lang='lat' dir='ltr'><strong>autem</strong></span> <span class='ocrx_word' id='word_1_213' title='bbox 379 2367 534 2437; x_wconf 80' lang='lat' dir='ltr'><strong>Crispinum</strong></span> <span class='ocrx_word' id='word_1_214' title='bbox 555 2366 717 2422; x_wconf 66' lang='lat' dir='ltr'><strong>etenicinm</strong></span> <span class='ocrx_word' id='word_1_215' title='bbox 730 2365 861 2418; x_wconf 76' lang='lat' dir='ltr'><strong>Cerialem</strong></span> <span class='ocrx_word' id='word_1_216' title='bbox 880 2366 940 2420; x_wconf 81' lang='lat' dir='ltr'><strong>nitu</strong></span> 
     </span>
     <span class='ocr_line' id='line_1_34' title="bbox 138 2437 941 2511; baseline -0.009 -20"><span class='ocrx_word' id='word_1_217' title='bbox 138 2438 209 2510; x_wconf 78' lang='lat' dir='ltr'><strong>frui,</strong></span> <span class='ocrx_word' id='word_1_218' title='bbox 219 2437 479 2511; x_wconf 78' lang='lat' dir='ltr'><strong>infensosPrincipi.</strong></span> <span class='ocrx_word' id='word_1_219' title='bbox 499 2454 569 2506; x_wconf 90' lang='lat' dir='ltr'><strong>quae</strong></span> <span class='ocrx_word' id='word_1_220' title='bbox 581 2438 733 2505; x_wconf 83' lang='lat' dir='ltr'><strong>composita</strong></span> <span class='ocrx_word' id='word_1_221' title='bbox 743 2437 920 2488; x_wconf 77' lang='lat' dir='ltr'><strong>credebantur</strong></span> <span class='ocrx_word' id='word_1_222' title='bbox 931 2453 941 2500; x_wconf 67' lang='grc' dir='ltr'><strong>ς</strong></span> 
     </span>
     <span class='ocr_line' id='line_1_35' title="bbox 141 2506 943 2577; baseline -0.005 -17"><span class='ocrx_word' id='word_1_223' title='bbox 141 2509 175 2560; x_wconf 88' lang='lat' dir='ltr'><strong>de</strong></span> <span class='ocrx_word' id='word_1_224' title='bbox 188 2508 324 2576; x_wconf 84' lang='lat' dir='ltr'><strong>Crispino,</strong></span> <span class='ocrx_word' id='word_1_225' title='bbox 339 2510 405 2577; x_wconf 80' lang='lat' dir='ltr'><strong>quia</strong></span> <span class='ocrx_word' id='word_1_226' title='bbox 413 2507 578 2560; x_wconf 82' lang='lat' dir='ltr'><strong>interfectus</strong></span> <span class='ocrx_word' id='word_1_227' title='bbox 590 2519 664 2570; x_wconf 82' lang='lat' dir='ltr'><strong>crat,</strong></span> <span class='ocrx_word' id='word_1_228' title='bbox 682 2506 716 2558; x_wconf 90' lang='lat' dir='ltr'><strong>de</strong></span> <span class='ocrx_word' id='word_1_229' title='bbox 728 2506 848 2568; x_wconf 85' lang='lat' dir='ltr'><strong>Ceriale,</strong></span> <span class='ocrx_word' id='word_1_230' title='bbox 859 2511 891 2554; x_wconf 88' lang='lat' dir='ltr'><strong>ut</strong></span> <span class='ocrx_word' id='word_1_231' title='bbox 901 2507 943 2556; x_wconf 86' lang='lat' dir='ltr'><strong>in.</strong></span> 
     </span>
     <span class='ocr_line' id='line_1_36' title="bbox 138 2574 959 2647; baseline -0.002 -19"><span class='ocrx_word' id='word_1_232' title='bbox 138 2579 323 2631; x_wconf 80' lang='lat' dir='ltr'><strong>teriiceretur.</strong></span> <span class='ocrx_word' id='word_1_233' title='bbox 345 2594 436 2647; x_wconf 88' lang='lat' dir='ltr'><strong>neque</strong></span> <span class='ocrx_word' id='word_1_234' title='bbox 447 2579 520 2630; x_wconf 91' lang='lat' dir='ltr'><strong>enim</strong></span> <span class='ocrx_word' id='word_1_235' title='bbox 531 2579 619 2630; x_wconf 89' lang='lat' dir='ltr'><strong>multo</strong></span> <span class='ocrx_word' id='word_1_236' title='bbox 630 2581 694 2645; x_wconf 87' lang='lat' dir='ltr'><strong>post</strong></span> <span class='ocrx_word' id='word_1_237' title='bbox 703 2577 758 2626; x_wconf 88' lang='lat' dir='ltr'><strong>vim</strong></span> <span class='ocrx_word' id='word_1_238' title='bbox 768 2576 818 2626; x_wconf 91' lang='lat' dir='ltr'><strong>sibi</strong></span> <span class='ocrx_word' id='word_1_239' title='bbox 829 2574 943 2641; x_wconf 82' lang='lat' dir='ltr'><strong>adtulit,</strong></span> <span class='ocrx_word' id='word_1_240' title='bbox 952 2578 959 2645; x_wconf 37' lang='grc' dir='ltr'><strong>’ζ</strong></span> 
     </span>
    </p>
   </div>
   <div class='ocr_carea' id='block_1_3' title="bbox 0 0 1022 3025">
    <p class='ocr_par' dir='ltr' id='par_1_3' title="bbox 0 0 1022 3025">
     <span class='ocr_line' id='line_1_37' title="bbox 0 0 1022 3025; baseline 0 0"><span class='ocrx_word' id='word_1_241' title='bbox 0 0 1022 3025; x_wconf 95' lang='lat' dir='ltr'><strong> </strong></span> 
     </span>
    </p>
   </div>
  </div>
 </body>
</html>
