2034 3025
142 86 197 146 sco
241 99 251 104 Α
313 94 335 142 ὴ
370 82 426 136 nn
445 56 750 135 ounronm‘vs‘

142 189 275 260 uqueuti
291 189 459 244 recitatione
478 186 623 254 Thyestes
644 186 729 238 dicet.
773 186 859 237 Hanc
879 190 952 240 enim

141 259 320 329 tragoediam
339 257 466 325 disposui
485 258 542 314 iam
558 260 588 308 et
601 258 678 307 intra
691 270 736 307 me
750 256 813 322 ipse
824 255 954 309 formari.

142 333 233 397 Atque
243 329 308 381 ideo
318 333 460 381 maturare
469 326 535 379 libri
546 324 627 378 liuius
639 324 915 391 editionemiestino,
924 334 956 379 ut

125 399 458 471 xclimissupriorocura,
482 411 574 449 novae
588 396 754 463 cogitationi
764 400 828 447 toto
838 402 955 463 pectore
994 453 996 531 1

141 469 312 521 incumbam.

195 537 312 591 Adeote
322 534 486 605 tragoediae
496 536 568 587 istae
581 550 639 587 non
649 534 764 597 satiant,
774 535 959 603 inquitilper,
996 538 997 589 l

143 608 317 676 quo-minus,
339 608 450 659 omissis
461 606 620 658 orationum
632 610 664 655 et
671 618 837 657 mossarum
847 606 959 670 studiis,
997 625 998 661 ι

143 692 229 729 omne
238 681 348 744 tempus
357 676 441 729 modo
456 676 533 727 circa
542 674 686 739 Medeam,
715 688 780 728 ecee
795 677 960 729 nunccircs
998 709 999 720 ι

144 744 304 813 Thyesten,
333 742 499 797 consumasl
526 758 590 795 cum
611 748 655 794 tot
665 744 822 799 amicorum
833 759 959 809 caussae,
999 802 1000 815 χ

144 818 190 867 tot
199 815 375 867 coloniarum
385 817 415 866 et
424 814 636 880 municipiorum
648 813 808 875 clientelae,
823 815 857 865 in
868 814 959 867 forum

143 888 256 946 vocent,
277 882 600 950 quibusvixsufficeres,
620 883 730 934 etiamsi
739 879 802 935 non,
811 900 922 935 novum
931 887 962 935 ti·

143 950 174 1004 bi
182 954 243 1021 ipse
252 955 398 1019 negotium
407 954 590 1018 inportunos,
604 952 761 1005 Domitium
771 958 802 1003 et
813 953 963 1017 catonem,

142 1021 243 1086 idest,
267 1025 504 1090 nostraslquoque
519 1020 653 1075 historias
667 1022 836 1075 etRomana
846 1026 964 1077 nomina

145 1089 320 1146 Graecorum
329 1090 436 1143 fabulis
445 1092 612 1159 adgregare.
678 1116 681 1121 Δ

103 1208 108 1219 ·
196 1194 245 1247 iv.
264 1196 302 1246 Et
311 1194 466 1255 Maternus,
483 1194 666 1261 perturbarer
675 1191 728 1244 hac
737 1198 787 1244 tua
798 1196 966 1259 severitate,

145 1264 202 1317 nisi
213 1262 344 1333 frequens
355 1278 388 1321 ac
397 1262 515 1315 adsidua
523 1263 606 1334 nobis
618 1264 762 1314 contentio
773 1264 831 1314 iarn
839 1268 966 1333 propein

146 1333 379 1386 consuetudinem
393 1334 533 1383 vertisset.
568 1332 639 1384 Nam
655 1348 707 1384 nec
718 1338 749 1382 tu
760 1335 874 1400 agitare
888 1345 919 1387 et
930 1338 967 1386 in·

146 1405 227 1472 sequi
236 1410 334 1471 poetas
345 1403 523 1465 intermittis,
544 1406 572 1454 et
584 1418 650 1471 ego,
670 1403 716 1454 cui
727 1401 869 1453 desidiam
884 1404 969 1456 advo

147 1476 289 1528 cationum
300 1473 412 1537 obiicis,
441 1471 635 1541 quotidianum
645 1470 699 1524 hoe
714 1474 912 1540 patrocinium
923 1474 971 1526 de·
1007 1476 1008 1532 l

147 1543 306 1596 tendendae
316 1543 449 1594 adversus
458 1548 486 1594 te
497 1543 625 1609 poeticae
637 1557 765 1594 exerceo.
791 1544 859 1606 Quo
871 1543 971 1597 laetor

146 1615 252 1682 magis,
282 1612 407 1665 oblatum
417 1612 642 1676 nobisiudicem,
674 1613 723 1680 qui
737 1613 971 1666 morelinfutu·

145 1697 212 1736 rum
222 1687 298 1734 vetet
307 1697 405 1747 versus
414 1681 518 1746 fecere,
537 1683 591 1745 vel,
611 1683 685 1751 quod
695 1683 752 1733 iam
762 1683 875 1750 pridem
889 1690 971 1752 opto,

75 1768 202 1807 meua
211 1767 321 1822 quoque
331 1753 498 1804 auctoritate
509 1749 674 1819 compellat,
702 1757 735 1818 ut
746 1753 861 1804 omissis
873 1753 970 1806 foren-

146 1825 222 1876 ‘sium
233 1836 394 1873 caussamm
405 1823 551 1888 angustiis,
562 1823 591 1873 in
602 1822 701 1890 quibus
712 1823 781 1874 satis
791 1821 861 1874 mihi
868 1839 972 1891 super·

149 1907 203 1960 que
216 1890 349 1942 sudatum
360 1895 422 1955 est,
445 1893 616 1944 sanctiorem
629 1893 713 1944 istam
728 1893 757 1944 et
767 1894 971 1962 augustiorem

149 1960 337 2028 eloquentiam
349 1961 449 2012 colam.

204 2061 238 2115 V.
254 2063 315 2128 ligo
324 2077 404 2126 vero,
422 2063 515 2130 inquit
525 2060 681 2126 Secundus,
692 2068 854 2132 umquam
868 2079 918 2116 mc
928 2066 971 2116 in·

149 2133 240 2186 ilicem
250 2131 463 2198 operiemus,
485 2130 601 2195 inuam,
624 2132 968 2200 quodprobictmodesti

148 2202 256 2255 iudices
265 2201 367 2264 solent,
379 2206 412 2251 ut
420 2203 449 2252 in
459 2201 502 2253 his
513 2202 720 2270 cognitionibus
728 2217 759 2254 se
770 2211 924 2266 excusent,
939 2205 968 2254 in

149 2270 441 2339 quibusmauifcstuu
450 2278 503 2335 est,
510 2271 632 2324 alterans
641 2272 715 2340 apud
724 2287 773 2325 cos
782 2275 970 2343 partemgra·

55 2374 59 2394 .
146 2344 191 2394 tia
199 2341 371 2407 praevalere.
390 2339 460 2404 Quis
470 2343 545 2394 enirn
557 2344 654 2406 necui,
665 2344 804 2395 neminem
814 2341 891 2394 mini
902 2361 972 2398 con·

147 2411 317 2461 iunctiorcm
327 2425 389 2463 esse
399 2413 429 2462 et
437 2424 491 2462 usu
500 2412 639 2464 amicitiae
650 2417 679 2465 et
684 2413 856 2466 adsiduitate
865 2421 974 2466 coum·

146 2477 246 2538 berrii,
261 2493 344 2544 quom
355 2476 478 2530 Saleium
488 2479 618 2544 Bassum,
637 2497 700 2533 curn
711 2485 847 2549 optimum
858 2485 975 2546 vinum,

145 2545 599 2612 tumsbsolotissimumpoetumi
625 2563 725 2616 porro,
753 2553 973 2617 sipocticnd·

145 2614 268 2674 cuntur,
287 2613 861 2688 nonaliuuiridsoreumlocupletiorem.
