2034 3025
177 147 214 203 34
256 193 258 200 .
276 140 278 143 ’
303 100 859 215 ANNAL1vm[A.v.7o7.A.e1sJ
896 179 900 187 ·

176 225 984 249 ..-.....-.-.....-.-..-....-..............

110 286 112 289 v
175 256 211 308 ab
222 254 255 305 la.
265 257 426 321 Asprenate,
436 253 607 305 Proconsule
617 253 736 317 Africae,
750 256 849 306 missos
858 258 985 310 tradide·

174 338 216 386 re,
227 329 341 375 auctore
348 324 469 385 Tiberio,
481 325 529 391 qui
541 323 642 375 lamam
653 324 745 375 caedis
756 339 838 391 posse
849 327 985 393 inAspre·

168 397 267 445 uatem
279 394 350 445 verti
360 391 467 443 frustra
474 397 643 459 speraverat
959 387 967 399 ⁰

228 461 296 514 LlV.
316 462 392 513 ldem
402 475 490 512 annus
501 476 585 512 novas
596 462 779 513 cacrImonias
793 464 914 529 accepit,
935 464 985 515 ad·

176 532 235 583 dito
251 530 388 583 sodalium
398 530 590 597 Augustalium
603 531 773 581 sacerdotio:
794 537 827 581 ut
840 532 986 598 quondam

175 602 209 653 Τ.
220 601 320 651 Tatius
330 599 483 651 retinendis
494 598 660 670 Sabinorum
671 601 758 649 sacris
769 598 880 651 sodales
891 601 985 651 Titios

101 718 105 727 ,
173 669 343 721 instituerat.
362 672 438 719 sorte
449 669 554 727 ductile
564 668 730 733 primoribus
741 669 860 719 civitatis
870 685 946 719 unus
957 675 986 722 et

173 738 287 804 viginti:
304 735 432 788 'liberius
442 736 607 804 Drususque
618 742 647 787 et
657 736 788 787 Claudius
799 742 828 787 et
839 738 987 790 Germani·

176 820 227 859 cus
247 804 422 857 adiiciuntur.
472 805 568 857 Ludos
587 805 755 872 Augustales
774 811 843 857 tuuc
861 807 986 871 primum

177 880 292 939 coeptos
302 875 424 926 turbavit
437 874 582 937 discordia,
601 889 635 925 er
645 876 796 925 certamine
807 872 986 925 histrionum.

175 942 334 995 indulserat
350 943 375 993 ei
383 942 498 993 'ludicro
507 944 671 1010 Augustus,
685 943 751 993 dnm
761 943 923 995 Maecenati
940 945 988 995 oh·

176 1018 325 1077 temperat,
336 1008 423 1063 effuso
434 1012 463 1063 in
471 1026 598 1075 ,amorem
608 1010 749 1077 Bathylli:
765 1027 856 1079 neque
866 1016 930 1077 ipse
941 1012 987 1064 ah-

176 1080 310 1133 horrebat
320 1081 422 1132 tallbus
432 1081 542 1143 studiis,
554 1085 582 1131 et
592 1080 672 1147 civile
682 1079 805 1143 rebatur,
815 1082 931 1133 misceri
941 1096 987 1133 vo-

176 1149 333 1216 luptatibus
344 1149 427 1217 vulgi.
456 1149 636 1201 alia‘l'iberio
646 1164 756 1201 morum
766 1151 824 1200 via:
839 1149 890 1201 sed
900 1164 986 1216 pupu-

176 1219 245 1281 lum,
266 1234 316 1287 per
326 1223 369 1269 tot
379 1233 465 1270 annos
477 1218 600 1279 molliter
610 1218 745 1282 habiturn,
765 1218 890 1271 nondum
900 1219 987 1272 audc-
1015 1255 1016 1284 3

137 1288 146 1315 ⁴
176 1288 226 1347 hat
236 1288 270 1339 ad
281 1288 394 1341 duriora
404 1294 523 1339 vertere.
1015 1319 1016 1352 5

230 1358 290 1411 LV.
301 1357 395 1409 Druso
407 1358 535 1419 Caesare,
550 1357 580 1409 c.
590 1355 722 1408 Norbano
734 1357 810 1407 Coss.
821 1356 987 1409 decernitur

177 1426 344 1480 Germanico
354 1424 519 1493 triumphus,
538 1425 767 1489 manentehello;
788 1425 872 1492 quod,
888 1441 986 1493 quam-

176 1513 260 1568 quam
270 1497 298 1548 in
310 1501 444 1548 aestatem
455 1509 563 1548 summa
572 1508 625 1562 ope
634 1495 760 1562 parabat,
779 1496 859 1546 initio
869 1496 945 1547 veris
958 1500 988 1548 et

175 1570 323 1634 repentino
334 1569 362 1618 in
372 1568 468 1620 Cattos
479 1581 598 1617 excursu
608 1567 757 1633 praecepit.
776 1580 841 1621 nam
860 1579 927 1630 spes
945 1566 988 1617 in·

176 1642 307 1700 cesserat,
322 1637 455 1687 dissidere
465 1634 573 1686 hostem
584 1637 613 1686 in
627 1635 775 1688 Arminium
787 1649 820 1685 ac
830 1633 986 1701 Segestem,

175 1707 312 1773 insignem
332 1711 482 1770 utrumque
497 1704 613 1769 perfidia
628 1706 657 1754 in
668 1717 719 1754 nos
734 1710 784 1754 aut
797 1703 860 1755 fide.
896 1704 987 1757 Armi·

175 1775 239 1825 nius
250 1775 379 1826 turbator
390 1773 556 1824 Germaniae
566 1789 574 1836 ;
595 1771 734 1839 Segestes,
753 1771 853 1840 parari
861 1771 986 1825 rebellio·

174 1859 245 1906 aem,
265 1834 348 1909 saepe
359 1841 446 1906 alias,
463 1848 491 1894 et
501 1853 630 1909 supremo
641 1843 776 1906 convivio,
794 1845 859 1908 post
868 1842 946 1909 quod
955 1843 985 1892 in

175 1927 255 1964 arma
270 1913 354 1973 itum,
375 1913 495 1978 aperuit:
512 1912 658 1978 suasitque
668 1909 752 1973 Varo,
772 1920 805 1962 ut
815 1926 842 1961 sc
852 1908 986 1962 ctdrms'·

99 1975 107 1990 ¹
174 1980 251 2036 stium
266 1987 293 2031 ct
307 1988 408 2044 ceteros
421 1997 546 2049 proceres
555 1980 688 2040 vincirem
706 1978 778 2032 nihil
786 1995 919 2032 ausuram
926 1981 986 2048 ple·

175 2049 243 2113 bem,
256 2047 426 2118 principibus
436 2050 549 2116 ornatis.-
567 2057 650 2117 atque
658 2048 713 2116 ipsi
723 2057 828 2117 tempus
836 2048 914 2119 fore,
930 2064 986 2118 quo

77 2134 80 2144 ¹
174 2119 292 2172 crithino
304 2126 331 2170 et
344 2119 468 2172 innoxios
484 2120 655 2172 discerneret.
682 2118 733 2170 sed
742 2119 834 2172 Varus
845 2117 906 2169 sato
917 2119 986 2170 etri

174 2189 293 2244 Arminii
305 2188 412 2241 cecidit.
441 2189 580 2257 Segestes,
591 2179 757 2256 quamquam
769 2201 908 2240 consensu
918 2201 988 2254 gen·

134 2293 136 2302 ι
174 2260 212 2312 tis
223 2259 251 2309 in
261 2258 366 2310 bellum
376 2264 497 2321 tractus,
516 2258 622 2309 discors
633 2257 772 2320 manebat,
792 2258 986 2323 auctispriva·

174 2329 227 2382 tim
238 2327 317 2390 odiis,
332 2328 405 2396 quod
416 2329 555 2385 Arminius
566 2327 652 2377 liliam
662 2328 732 2390 eius,
746 2326 795 2378 alii
807 2332 928 2393 pactam,
938 2341 986 2378 ra·

131 2389 139 2404 “
176 2401 286 2466 puerat.
311 2409 397 2464 gener
407 2397 750 2459 invisus„inimicisoceri=
770 2410 897 2464 quaeque
908 2394 986 2462 apud

177 2465 327 2519 concordes
336 2467 448 2519 vincula
457 2467 591 2530 caritatis,
601 2465 783 2518 incitamenta
790 2467 895 2518 irarum
906 2463 987 2532 apud

83 2588 86 2594 ,
175 2534 301 2586 infensos
313 2539 400 2587 erant.

230 2604 302 2657 LVl.
321 2603 410 2671 igitur
420 2603 601 2656 Germanicus
611 2609 745 2671 quattuor
755 2603 892 2672 legiones,
902 2602 987 2670 quln-

177 2686 232 2742 que
242 2671 417 2725 auxiliarium
426 2671 526 2737 millia,
536 2677 566 2725 et
574 2672 772 2726 tumultuarias
781 2679 909 2726 catervas
915 2672 988 2728 (ier-
