2034 3025
168 133 221 187 ³32
403 128 456 180 DE
478 123 751 178 omsuoulssvs

169 245 264 302 batur,
287 244 316 289 et
327 237 433 287 liberae
444 208 756 301 comperendinationes
769 243 867 296 erant,
891 241 920 288 et
929 251 975 286 mo
997 203 998 206 Ἴ

167 311 233 362 dum
248 304 360 358 dIoendi
373 304 428 356 sibi
443 303 562 369 quisque
579 305 733 364 sumebat,
743 308 777 354 et
789 319 929 356 nutrieras
940 321 977 356 ue·
997 365 998 368 Ἴ

167 395 221 448 que
233 377 342 428 dierum
358 387 448 442 aequa
463 377 645 438 patronorum
656 371 825 423 liniebatur.
865 374 976 434 Primus,

167 447 252 499 tertio
264 443 426 505 Consulatu,
442 442 491 492 Cn.
503 439 653 508 Pompeius
665 439 834 504 adstrinxit,
852 442 976 510 inposuit-

167 529 222 585 que
233 513 322 572 voluti
332 513 427 565 frenos
439 510 631 577 eloquentiae,
649 509 691 559 ita
706 515 822 572 tamen,
848 519 884 562 ut
896 513 976 562 omnia

90 629 95 637 ,
167 588 196 636 in
208 585 286 645 soro,
308 581 403 632 omnia
412 579 533 646 legibus,
544 579 638 629 onmia
648 578 724 650 apud
734 578 900 632 Praetores
912 595 977 648 gera

167 660 279 706 rentm:
292 650 365 719 apud
376 663 446 718 quos
457 653 561 714 quanto
573 647 681 698 maiora
692 649 901 714 negotiqolim
913 663 976 700 exer·
997 671 998 720 q

167 723 226 775 ceri
237 720 322 774 solita
333 721 398 783 sint,
417 718 491 784 quod
502 715 591 766 maius
603 721 807 783 argumentum
820 725 886 780 est,
908 731 975 784 qnam
997 763 998 768 ,

167 791 244 858 quod
254 803 369 850 caussae
380 785 610 848 centumvitales,
631 799 702 850 quae
715 800 793 836 nune
804 789 932 851 primum
942 787 975 836 ab·
997 795 998 828 1

167 861 262 910 tinent
271 858 372 917 locum,
383 855 456 905 adeo
465 854 613 920 splendore
624 853 743 904 aliorum
753 853 974 907 iudiciorumob
997 883 998 888 =

168 929 330 988 mobeatur,
344 928 378 973 ut
389 937 481 989 neque
494 924 651 986 Ciceronis,
671 937 764 990 neque
778 924 974 986 Caesariana
997 931 998 986 ᾖ

167 1009 221 1066 que
232 993 324 1057 Bruti,
345 1008 436 1060 neque
448 992 553 1055 Caelii,
575 1007 665 1060 neque
678 992 772 1054 Calvi,
791 1007 854 1044 non
867 995 974 1060 deniquo
997 991 998 1026 l

167 1064 252 1116 ullius
263 1063 363 1133 magni
371 1063 492 1114 oratoris
500 1061 581 1122 liber,
592 1056 878 1128 apudCentumniros
890 1063 974 1121 dietus,

168 1135 290 1204 legatur,
312 1133 434 1199 exeeptis
446 1131 621 1182 orationibus
632 1129 727 1192 Asinii,
739 1145 815 1197 quae
823 1148 888 1198 pro
900 1131 975 1182 laos
997 1169 998 1200 3

160 1204 244 1256 -dibas
261 1201 389 1254 Vrbiniae
399 1201 597 1262 inscribuntur,
613 1201 648 1266 ab
659 1198 720 1264 ipso
732 1204 834 1251 tamen
849 1201 975 1260 Pollione,
997 1201 998 1216 ¹

168 1271 265 1324 prediis
276 1271 343 1322 Divi
352 1270 469 1337 Augusti
481 1269 667 1334 temporibus,
684 1266 813 1331 habitae,
834 1277 976 1339 postquam

168 1343 253 1410 longa
264 1346 420 1406 temporum
431 1339 509 1404 quies
520 1343 551 1388 et
560 1338 721 1388 continuum
740 1338 845 1404 populi
858 1343 948 1392 otium
958 1342 978 1388 et

168 1411 285 1463 adsidua
302 1409 423 1462 Senatus
444 1406 632 1472 tranquillitas
655 1409 684 1456 et
704 1408 822 1458 maximi
848 1407 979 1474 Principis

169 1481 314 1549 disciplina
328 1479 419 1546 ipsam
434 1490 545 1544 quoqne
562 1475 767 1547 eloquentiam,
792 1477 874 1530 sieut
896 1477 982 1531 omnia

169 1552 234 1613 alia,
246 1546 409 1617 pacaverat!
427 1608 435 1618 ,

220 1619 349 1671 XXXIX.
372 1616 490 1668 Parvum
507 1620 538 1667 et
556 1612 705 1667 ridiculum
728 1613 858 1669 fortasse
883 1616 983 1669 videbi

73 1708 78 1713 ’
168 1695 225 1753 tur,
236 1689 311 1757 quod
322 1688 445 1739 dicturus
456 1700 527 1747 sum,
540 1684 630 1737 dicam
641 1690 746 1745 tamen,
756 1684 804 1735 vel
814 1686 900 1750 ideo,
912 1692 946 1737 ut
957 1686 984 1737 ri·
997 1686 998 1755 ξ

169 1758 279 1811 daatur.
315 1758 457 1819 Quantum
472 1752 639 1805 humilitatis
656 1758 787 1820 putamus
800 1755 985 1823 eloquentiae

169 1827 304 1879 adtulisse
316 1826 450 1894 paenulas
461 1825 546 1884 istas,
559 1824 658 1890 quibus
670 1822 797 1873 adstricti
811 1830 846 1877 et
857 1825 987 1877 velutin·

169 1898 239 1948 clusi
250 1911 312 1948 oum
323 1895 461 1947 iudicibus
473 1890 648 1943 fabulamurl
672 1896 807 1958 quantum
819 1894 935 1947 virium
947 1895 998 1957 de}

143 1985 148 1989 ·
169 1967 289 2017 traxisse
301 1966 425 2032 orationi
435 1963 575 2014 auditoria
585 1968 616 2012 et
624 1960 763 2013 tabularia
775 1962 947 2027 eredimus,
962 1964 998 2013 ia

169 2030 270 2101 quibus
280 2032 337 2082 iam
349 2033 560 2099 fereplurimae
569 2044 682 2081 caussae
693 2028 897 2095 explicanturl
909 2034 998 2092 Nan,

169 2100 309 2169 quomodo
331 2102 443 2158 nobiles>
463 2114 549 2168 equos
571 2114 668 2151 aursus
685 2102 715 2149 et
730 2100 824 2167 spatia
849 2103 987 2168 probant;

169 2171 211 2221 sie
221 2174 265 2222 est
276 2167 376 2235 aliquas
388 2175 533 2219 oratorum
544 2182 664 2234 campus,
673 2182 724 2233 per
732 2181 823 2232 quem*
830 2172 896 2222 nisi
907 2170 986 2223 liberi

132 2294 135 2303 ⁸
169 2246 199 2290 et
209 2238 297 2290 soluti
308 2237 448 2298 ferantur,
471 2238 635 2289 debilitatur
646 2252 680 2287 ae
691 2234 837 2302 frangitur
851 2240 986 2309 eloquen-

74 2349 77 2355 .
168 2308 217 2358 tia.
229 2309 319 2371 lpsam
327 2304 399 2373 wquin
410 2305 496 2355 immo
508 2321 603 2358 coram
616 2313 645 2358 et
656 2304 800 2372 diligentis
813 2308 881 2359 stili
894 2311 986 2361 anxie¹

168 2380 257 2423 tatem
269 2373 438 2423 contrariam
451 2375 624 2439 experimurz
643 2374 709 2441 quia
719 2384 804 2439 saepe
819 2376 987 2445 interrogat

167 2440 261 2498 iudex,
278 2440 383 2503 qumodo
395 2440 522 2505 inopias,
541 2448 570 2491 et
582 2456 617 2493 ex
628 2442 855 2507 interrogatione
870 2448 939 2499 eius
951 2450 987 2498 in·

166 2504 324 2567 oipiendum
341 2513 394 2556 est.
431 2508 609 2569 Frequenter
626 2510 840 2574 probationibus
861 2520 895 2566 et
912 2518 998 2568 testi„

167 2570 217 2618 bus
230 2570 377 2646 silentium
394 2578 528 2638 patronus
544 2574 653 2627 indicit.
682 2592 754 2627 nnus
766 2578 846 2631 inter
859 2579 941 2637 haee
951 2586 987 2635 di.

165 2640 238 2684 oeno
250 2649 283 2687 ao
293 2638 367 2689 alter
377 2640 499 2698 adsistit,
521 2644 607 2693 etres
620 2644 738 2695 velutin
751 2646 919 2706 solitudine
933 2652 989 2721 agi·

893 2909 998 2965 ,ῗῖ
