2034 3025
76 117 262 176 uiuum.
282 116 633 186 cnr.1-s.[s.v.s0s
653 119 792 188 ncne]
811 103 868 178 'ast

57 226 243 286 dii-libertus,
253 223 289 276 de
295 224 373 275 cuius
383 225 483 291 iurgiis
495 223 629 275 adversus
635 226 815 292 Agrippinam
821 241 867 278 re·

56 297 126 357 tuli,
144 307 247 358 aspera
256 291 384 343 custodia
394 297 424 342 et
434 293 605 344 necessitate
612 298 741 346 extrema
749 293 785 342 ad
793 308 867 344 mor·

57 372 120 416 tem
129 363 238 430 agitur3
248 361 338 412 insito
344 359 483 427 Principe,
490 362 568 412 cuius
575 361 679 413 abditis
686 359 868 427 adhucvitiis,

59 447 114 502 per
124 431 270 482 avaritiam
281 444 314 480 ac
323 429 531 497 prodigentiam
537 468 547 493 ,
565 432 638 480 mire
647 428 830 498 congruebat.

114 501 150 552 ll.
169 499 321 566 Ibaturque
341 499 369 548 in
390 497 504 562 caedes,
523 501 578 550 nisi
597 498 729 550 Afranius
748 497 867 563 Burrus,

31 607 34 616 ,
61 575 94 622 et
102 570 237 622 Annaeus
247 566 355 618 Seneca
364 568 473 618 obviam
489 570 589 620 issent.
625 568 664 619 lli
679 573 806 619 rectores
816 567 869 618 lm-
920 609 928 619 ,

60 635 868 705 peratcrlaeiuventae‚et(raruminsocietatepotcntiae)

62 705 230 766 concordes,
242 699 354 756 diu‘ersa
364 709 425 760 urie
437 720 472 756 ex
482 720 573 772 aequo
583 706 741 771 pollebant:
760 704 868 755 Burrus

62 775 237 828 militaribus
249 774 323 824 curis
334 779 364 823 et
375 775 529 826 seueritate
539 790 660 838 morum3
672 773 781 826 Seneca
790 787 870 839 prae·

63 844 158 912 ceptis
178 842 358 908 eloquentiae
379 847 407 893 et
421 845 557 895 comitate
576 842 708 896 honesta:
736 844 869 893 iurantes

62 913 202 972 invicem,
233 926 288 977 quo
301 910 412 962 facilius
427 912 563 962 lubricam
575 911 714 977 Principis
734 917 870 974 aetatem,

65 983 91 1034 si
112 981 247 1038 virtutem
262 978 496 1044 adsperuuretur,
524 973 714 1046 voluptatibus
728 979 870 1031 concessis

65 1049 235 1102 retinerent.
282 1049 432 1098 Certamen
450 1049 565 1116 utrique
583 1064 670 1100 unum
689 1054 753 1100 erat
771 1053 872 1100 contra

66 1115 204 1170 ferociam
214 1116 396 1182 Agrippinae,
426 1132 497 1183 quae
513 1119 620 1169 cunctis
636 1109 726 1168 malm
744 1116 871 1168 domina·

66 1185 157 1238 tionis
168 1183 342 1251 cupidinibus
352 1185 485 1253 flagrans,
500 1185 623 1238 habebat
632 1187 799 1250 inpartibus
808 1185 872 1236 Pal·

66 1255 190 1316 lantem3
220 1258 416 1321 quoauctore,
446 1255 578 1306 Claudius
595 1257 701 1321 nuptiis
711 1255 830 1306 incestis
841 1259 873 1306 et

68 1323 222 1389 adoptione
243 1323 366 1373 exitiosa
380 1328 472 1373 semet
487 1330 671 1388 perverterat
707 1322 765 1374 Sed
779 1335 872 1388 nequo

68 1391 179 1444 Neroni
197 1389 274 1442 inira
292 1405 390 1442 servos
409 1393 570 1458 ingenium
607 1399 637 1442 et
656 1391 763 1454 Pallas,
791 1389 873 1441 tristi

69 1459 238 1527 adrogantia
246 1458 359 1510 modum
369 1459 466 1510 liberti
478 1474 620 1527 egressus,
631 1459 756 1509 taedium
766 1461 874 1509 sulmo-

68 1534 158 1595 verat.
194 1527 342 1595 Propalarn
357 1533 452 1578 tumen
469 1543 566 1590 omnes
576 1530 606 1577 in
617 1543 679 1579 cam
692 1526 816 1579 honores
826 1542 873 1578 cu·
927 1554 931 1557 ·

68 1598 262 1659 multabantur,
292 1599 472 1666 signumque,
502 1611 582 1647 more
598 1597 732 1658 militiae,
762 1595 874 1662 petenti

69 1668 198 1720 Tribnno
213 1665 308 1729 dedit,
337 1680 459 1717 censure
473 1679 587 1717 uernis.
622 1666 739 1717 Decreti
755 1670 812 1716 eta
823 1661 872 1715 Se·

68 1740 138 1789 natu
150 1736 200 1785 duo
211 1732 319 1785 lictores
324 1771 333 1797 ‚
352 1732 521 1787 Flaminium
532 1731 680 1797 Claudium,
699 1734 783 1787 simul
793 1730 875 1786 Clark

68 1804 113 1857 dio
125 1800 383 1872 Oouoriumfunua
403 1808 433 1854 et
442 1819 508 1855 mox
517 1803 693 1856 emeratis.

121 1872 171 1925 lll.
190 1872 244 1922 Die
255 1871 364 1923 initeris
374 1871 565 1925 laudationem
577 1875 637 1925 eius
647 1873 780 1939 Princeps
791 1885 872 1925 excr-

68 1957 117 1995 sus
129 1944 181 1991 est.
216 1938 290 1992 Dum
301 1939 493 2006 antiquitatem
499 1942 621 2011 generis,
644 1940 806 1997 Consulatus
812 1979 821 2005 ,
840 1958 875 1999 uc

68 2006 220 2078 triumphos
229 2007 363 2061 maiorum
372 2012 571 2078 enumerabat2
581 2013 709 2066 intentus
718 2013 779 2078 ipse
790 2016 820 2064 et
830 2026 875 2065 ce·

69 2081 140 2141 tci3
162 2077 313 2131 liberalium
330 2094 441 2146 quoque
455 2078 559 2131 artium
574 2082 817 2144 commemoratio,
835 2090 875 2148 et,

69 2140 142 2203 nitu
149 2155 260 2216 regente
270 2164 300 2199 eo
309 2144 388 2213 Reip.
399 2146 521 2199 tristent
533 2150 653 2202 externis
662 2150 799 2212 accidisse,
809 2164 874 2216 pro·

69 2220 115 2269 nis
125 2216 228 2275 animis
238 2216 345 2267 audita:
361 2220 507 2283 postquam
518 2218 555 2268 ud
561 2218 760 2285 providentiam
769 2218 876 2285 sapien·

71 2286 191 2351 titumque
202 2284 307 2348 flexit,·
325 2298 407 2335 nemo
418 2286 488 2335 risui
499 2291 674 2353 temperare,
704 2302 874 2355 quamquam

71 2356 176 2417 oratio,
192 2353 328 2405 uSeneca
337 2355 501 2419 composita,
520 2356 639 2407 multum
649 2358 740 2408 cultus
749 2355 876 2424 praefer·
935 2415 938 2418 ,
1001 2424 1006 2434 Ι

69 2429 129 2477 ret:
150 2428 184 2475 ut
194 2422 251 2473 fnit
260 2422 301 2472 illi
311 2415 374 2489 viro
385 2424 531 2490 ingenium
540 2440 703 2490 amoenum,
728 2431 759 2477 et
768 2430 885 2493 tempo·

69 2495 111 2547 ris
133 2494 197 2545 elue
216 2492 331 2543 auribus
351 2492 604 2549 adcommodatum.
638 2496 819 2561 Adnotabant
831 2511 876 2549 se·

68 2565 177 2627 niores,
193 2562 294 2630 qu'ibus
305 2562 426 2615 otiosum
438 2569 483 2615 est
492 2570 590 2615 vetera
600 2571 630 2617 et
639 2564 802 2633 praesentio
812 2580 877 2618 con·

69 2633 199 2701 tendere,
215 2630 433 2707 priiuutncxgs’it,
452 2632 801 2705 quirewmpotitiestmt,
820 2632 875 2692 Ne·
938 2711 941 2715 Α

116 2717 137 2737 '⁴
390 2732 403 2755 Ο
