2034 3025
164 207 226 295 1³4-
256 205 560 266 HlSTORlARVM
579 209 733 276 [smum.
753 211 894 280 A.C.7o.]

238 279 245 296 ο
258 281 970 304 Ἣ..

155 306 309 372 θυμω-ἰωὴ,
343 305 479 358 Asiaticus
489 307 562 356 enirn
573 307 608 367 (is
620 304 748 366 libertus)
761 307 862 358 malam
875 320 978 376 poten.

163 377 230 428 tlam
241 375 334 427 servili
345 375 478 440 supplicio
489 375 618 440 expiarit.

216 443 278 497 Xll.
296 443 396 496 lisdem
409 443 506 495 diebus
522 443 742 494 crebrescentem
753 441 840 494 cladis
852 443 974 498 Germa·

163 513 368 574 nicsefamam‚
391 525 565 580 nequaquam
575 515 682 562 maesta
692 513 790 564 civitas
800 515 974 578 excipiebat.

162 599 253 645 caesos
272 581 419 644 sancitus,
438 581 521 648 'capta
540 579 677 648 legionum
695 578 975 644 tiberiadensem

166 649 281 713 Galliae,
296 666 351 702 non
362 656 393 700 ut
402 648 476 700 mala'
486 649 681 715 loquebantur.
708 649 740 700 ld
750 651 855 702 bellum
867 653 974 718 quibus

162 720 265 771 caussis
276 725 377 781 ortum,
392 723 495 785 quanto
507 723 686 770 externarum
697 719 893 785 socialemque
904 736 973 788 gen-

160 789 230 839 tium
243 793 320 838 nictu
330 786 498 853 flagraverit,
512 786 594 837 altius
606 787 760 852 expediam.
794 789 910 851 Batavi,
923 790 972 861 do-

160 871 213 907 nec
224 861 299 905 tram
311 853 576 926 Rhenumxugcbant,
588 869 651 920 pars
663 857 819 908 cattorum:
829 857 971 910 seditione

160 923 314 976 domestica
324 921 407 988 pulsi,
422 928 549 974 extrema
559 923 683 976 Gallicae
694 938 768 988 orae,
781 939 869 978 vacus
879 927 971 977 culto·

160 993 246 1054 ribus,
256 992 392 1058 simulque
402 990 534 1054 insulam,
544 993 775 1056 nuncBataviam,
787 1009 971 1060 occupavere,

140 1119 144 1124 ν
161 1075 243 1130 quam
254 1072 331 1112 nrure
342 1060 468 1112 Oceanus
478 1076 496 1111 a
506 1060 616 1123 fronte,
631 1060 744 1113 Rhenus
758 1063 847 1114 omnis
857 1069 970 1130 tergum

160 1144 194 1180 uc
206 1130 298 1181 latera
312 1130 483 1182 circumluit:
501 1143 554 1180 nec
568 1131 683 1195 opibus,
701 1132 839 1184 societate
852 1132 970 1184 validio-

160 1213 231 1261 rum,
251 1199 358 1260 adtriti,
377 1202 451 1250 viros
468 1203 578 1249 tantum
598 1213 731 1268 cruraque
745 1200 867 1266 imperio
888 1202 969 1251 mini·

159 1271 260 1319 strant.
270 1267 317 1318 diu
327 1266 500 1319 Germanicis
509 1265 592 1319 bellis
604 1268 730 1320 exerciti:
748 1283 815 1320 mos
824 1275 910 1320 aucta
920 1285 970 1338 per

159 1337 333 1390 Britanniam
345 1336 445 1404 gloria,
456 1336 628 1386 transmissis
638 1336 704 1388 illuc
713 1336 887 1410 cohortibus,
899 1355 970 1406 quas

159 1413 255 1459 vetere
273 1406 403 1458 instituto
429 1404 597 1457 nobilissimi
621 1405 797 1472 popularium
822 1408 968 1474 regebant.

160 1477 269 1529 Erat'ct
280 1477 353 1530 donni
365 1475 489 1529 delectus
500 1489 596 1543 eques,
608 1476 757 1541 praecipuo
767 1476 852 1529 nandi
863 1477 971 1541 studio,

160 1560 239 1598 erma
249 1561 389 1615 equosque
400 1548 532 1611 retinens,
541 1547 657 1612 integris
665 1545 763 1596 turmis
769 1544 898 1599 Rhenum
908 1560 971 1613 per-

162 1629 301 1680 rumpere.

212 1685 287 1737 xiil.
311 1683 398 1735 lulius
418 1682 533 1737 Paullus
553 1690 583 1737 et
602 1681 863 1755 Claudim·,cirilis,
878 1680 973 1749 Regia

159 1754 262 1818 stirpe,
280 1752 369 1803 multo
384 1754 660 1805 ceterosanteibant.
693 1751 821 1803 Paullum
830 1751 974 1803 Fonteius

161 1822 269 1887 Capito,
280 1819 352 1873 falso
363 1821 524 1873 rebellionis
534 1823 659 1885 crimine,
672 1819 822 1872 interfecit.
840 1820 973 1874 Iniectae

160 1889 239 1942 Civili
250 1895 376 1953 catenae,
390 1892 545 1957 missusque
555 1888 742 1951 adNeroners
753 1894 809 1940 eta
819 1887 911 1940 Galba
920 1890 972 1943 ab

128 1998 132 2005 .
158 1957 279 2019 solutus,
289 1958 341 2008 sub
351 1957 467 2011 Vitellio
479 1972 576 2009 rursus
587 1958 736 2009 discrimen
745 1958 821 2019 adiit,
837 1956 973 2024 flagitan-

158 2032 188 2077 te
203 2024 366 2091 supplicium
387 2028 446 2078 eius
466 2028 602 2077 exercitu.
635 2026 704 2078 lnde
717 2041 832 2077 caussae
846 2026 969 2089 irarum¹

158 2107 276 2161 spesque
296 2108 331 2143 ex
352 2094 432 2145 malis
452 2096 566 2145 nostris.
601 2092 657 2147 Sed
668 2095 772 2157 Civilis,
789 2094 970 2165 ultraquam

158 2162 286 2216 barbaris
304 2162 427 2224 solitum,
445 2163 559 2229 ingenio
578 2163 690 2227 sollers,
708 2170 737 2217 et
753 2163 906 2217 sertatum
926 2180 971 2228 se,

159 2229 399 2285 autHanuibelem
413 2229 522 2295 ferens,
538 2233 622 2285 simili
640 2236 697 2285 oris
707 2232 971 2297 dehonestamento,

159 2316 196 2355 ue
210 2307 243 2353 ut
256 2300 330 2352 hosti
344 2300 453 2352 obviam
467 2300 568 2365 iretur,
589 2304 613 2354 si
624 2318 641 2353 a
652 2302 759 2369 Populo
774 2304 902 2355 linusano
917 2317 968 2369 pa·

155 2368 216 2421 lam
237 2370 413 2431 descivisset,
431 2368 596 2436 Vespasiani
614 2372 765 2423 amicitiam
785 2372 968 2439 studiumque

158 2439 281 2505 partium
292 2436 460 2504 praetendit:
477 2440 569 2489 anissis
584 2453 652 2490 sane
661 2440 696 2491 ad
707 2454 771 2489 eum
781 2438 868 2489 Primi
878 2442 966 2492 Auto-

114 2558 118 2561 .
158 2508 197 2557 uli
207 2507 319 2569 litteris,
333 2508 441 2573 quibus,
451 2514 573 2557 evertere
582 2506 673 2558 accite
688 2505 915 2559 Vitellianuxilio
924 2518 966 2570 et,

157 2576 291 2625 tumultus
305 2570 463 2625 Germanici
474 2572 573 2637 speeie,
592 2582 729 2626 retentare
740 2574 872 2643 legiones,
887 2576 968 2627 iube·

139 2642 252 2702 datur.
283 2640 389 2691 lisdem
399 2638 580 2690 Hordeonius
590 2640 706 2693 Flaccus
721 2657 853 2709 praesens
867 2658 969 2695 nonu·

213 2715 215 2718 ·
238 2706 370 2755 inclinato
380 2706 409 2754 in
420 2707 623 2776 Vespasianum
634 2712 734 2775 animo,
745 2717 772 2761 et
783 2710 969 2777 Reipublicae
