2034 3025
134 157 470 236 muraenas-n.
506 159 857 252 [A·v·⁸²3·ffi·]ffl

59 260 440 330 rarchixnutantemoudolo,
458 261 635 327 adloquendos
643 261 812 328 sibinellitee,
830 273 860 318 et

56 327 571 398 parotieomns‘umenimiereeeraurns,
588 332 776 388 firmaverunt.
804 333 858 386 Sed

58 400 201 465 Asprenati
211 403 310 449 cuncta
318 412 353 448 ex
363 399 417 450 tide
430 399 569 449 nuntiata.
603 401 682 450 cuius
692 400 862 454 cohortatio·

59 483 93 519 ne
104 473 259 534 expugnata
269 468 355 526 navis,
374 465 576 518 etinterlectus
591 469 715 535 quisquis
731 469 780 520 ille
790 475 861 523 erat.

60 537 173 602 Corpus,
183 535 290 602 insigne
301 535 387 585 oculis
398 547 531 604 comaque
541 541 570 588 et
580 539 710 589 torvitate
720 538 821 602 vultus,
832 539 860 590 in

59 606 150 657 Asiam
161 611 244 672 atque
255 603 319 653 inde
330 603 445 654 Romam
460 608 618 669 pervectum
627 611 682 670 oet.¹

110 671 145 722 X.
181 673 211 724 ln
223 672 331 722 civitate
342 671 461 722 discordi
478 677 515 735 et,
535 674 571 723 ob
581 674 692 725 crebras
702 672 862 744 Principum

60 741 316 802 mutationes,inter
325 737 481 792 libertatem
488 741 667 794 acliccntiam
677 743 791 808 incerta,
800 759 862 812 par·
874 805 878 811 ¹

60 824 111 860 rae
126 822 233 877 quoque
251 821 296 859 res
311 809 417 874 magnis
430 810 551 860 mntdms
567 812 729 878 agebantur.
764 814 863 868 Vibius

61 877 313 943 Crispus,pec11nia‚
323 879 656 944 potentia‚mgenicinter
666 881 863 950 clarosmagis,

61 961 143 1016 quam
157 949 231 998 inter
240 947 337 1008 bunos,
350 946 466 997 Annium
476 949 619 1011 Faustum,
631 949 778 1018 Equestris
789 951 862 1003 ordi·

60 1018 117 1079 nis,
136 1017 183 1083 qui
192 1016 364 1080 temporibus
380 1014 498 1082 Neronis
508 1015 663 1069 delationes
677 1018 864 1082 iactitarerat,

62 1085 97 1135 ad
107 1085 293 1152 cognitionem
305 1082 423 1134 Senatus
438 1085 563 1135 vocabat.
599 1085 671 1137 Nam
681 1101 787 1151 recens,
798 1088 864 1139 Gal·

60 1155 114 1205 bae
128 1153 297 1218 Principem,
316 1158 483 1206 censuerant
502 1153 610 1217 Patras,
627 1161 661 1206 ut
676 1166 863 1209 accusatorum

61 1235 172 1274 caussae
190 1227 372 1274 noscerentur.
408 1221 439 1273 ld
451 1221 728 1276 senatusconsultum
739 1229 815 1279 varie
825 1227 864 1278 ia-

62 1296 215 1351 ctatunnet,
235 1294 320 1356 prout
329 1296 428 1357 potens
439 1291 483 1341 rel
498 1293 576 1358 inops
587 1307 651 1345 reus
660 1293 806 1358 inciderat,
823 1297 864 1346 in·

61 1361 171 1412 firmum
182 1363 232 1410 aut
242 1358 363 1409 validum
378 1361 561 1411 retinebatur.
596 1359 865 1415 Adbocterroriset
888 1367 892 1372 '

16 1465 20 1471 .
61 1428 174 1496 propria
183 1427 209 1476 ri
224 1427 336 1492 Crispus
350 1428 525 1491 incubuerat,
545 1429 700 1481 delatorem
715 1430 811 1483 fratris
821 1432 865 1483 sui

62 1499 232 1565 pervertere:
253 1500 433 1563 traxeratque
452 1512 581 1561 magnam
607 1497 727 1553 Senatus
746 1505 864 1568 panem,

63 1576 94 1619 ut
104 1564 271 1636 indefensum
287 1572 313 1614 et
328 1564 482 1617 israelitum
497 1566 557 1617 dedi
570 1567 609 1618 od
621 1566 734 1619 exitium
744 1568 865 1636 postula·

62 1640 134 1687 rent.
170 1634 273 1684 Contra
292 1634 365 1698 apud
384 1633 455 1685 alios
473 1632 543 1684 nibil
562 1651 650 1705 aeque
662 1650 711 1688 reo
727 1638 865 1703 proderat,

61 1719 145 1773 quam
164 1704 249 1753 nimia
269 1703 394 1767 potentia
407 1702 590 1755 adcusatoris:
611 1704 674 1756 ders‘
692 1714 803 1776 tenipus,
823 1705 867 1759 edi

62 1772 186 1833 erimina,
205 1770 325 1837 quomode
342 1770 457 1824 innisum
474 1788 507 1825 oo
521 1782 667 1838 nocentem,
685 1790 757 1827 more
776 1784 867 1828 lamen

62 1842 231 1905 audiendum,
250 1842 406 1893 censebant.
441 1842 715 1911 Etvaluereprimo‚
726 1846 866 1913 dilataque

61 1913 90 1962 in
100 1925 202 1977 paucos
213 1911 272 1962 dies
283 1912 413 1978 cognitio.
449 1926 513 1962 mox
525 1912 672 1965 damnatus
687 1921 729 1965 est
738 1915 866 1977 Faustus,

61 1995 234 2047 nequaquam
246 1993 279 2031 eo
290 1980 409 2031 adsensu
420 1982 637 2050 civitatiavquem
649 1986 774 2050 pessimis
784 1984 866 2035 arori-

61 2050 112 2100 bua
123 2054 271 2100 meruerat.
306 2044 406 2117 quippe
420 2052 509 2116 ipsum
520 2053 646 2120 Crispum
663 2055 773 2106 easdem
784 2054 866 2105 adcu-

61 2119 185 2169 sationes
200 2132 261 2167 cum
275 2119 399 2183 praemio
414 2121 570 2173 exercuisse
585 2122 778 2176 meminerant.
814 2136 866 2175 nee

59 2182 289 2255 poenacrinrinis,
308 2186 625 2255 scdultordis'plicebat.

113 2254 161 2305 Xl.
197 2252 288 2304 Laeta
297 2254 408 2305 interim
420 2256 524 2308 Othoni
538 2259 674 2326 principia
688 2260 763 2323 beili,
782 2260 865 2312 nectis

8 2358 12 2362 -
61 2324 98 2377 ad
108 2323 254 2390 imperium
271 2322 330 2373 eins
345 2324 515 2391 eDalrnatia
530 2326 727 2397 Pannoniaque
742 2330 866 2381 exerciti·
951 2386 954 2393 ,

59 2393 120 2446 bus.
158 2392 236 2444 lucre
256 2397 375 2459 quatuor
393 2390 531 2461 legiones:
551 2398 676 2464 equibus
694 2399 759 2451 bina
778 2399 867 2451 millia

60 2462 225 2531 praemissa3
259 2462 335 2527 ipsae
354 2462 469 2513 medicis
489 2466 644 2517 intervallis
664 2468 865 2536 sequebanture
891 2528 895 2533 .

59 2532 207 2599 septimaa
222 2528 313 2581 Galba
327 2533 497 2599 conscripta:
517 2540 664 2588 veteranae
677 2538 824 2591 undecima
833 2551 866 2589 ac
902 2559 906 2567 ¹

59 2601 252 2653 tertiadecima
263 2605 291 2651 et
301 2602 449 2667 praecipua
459 2602 535 2655 lama
544 2604 803 2673 quartadecumani,
821 2620 865 2659 rc·

57 2668 182 2723 bullione
201 2669 363 2721 britanniae
374 2684 540 2739 compressa.
574 2672 727 2727 Addiderat
744 2675 862 2745 gloriam
