2034 3025
72 156 75 160 ι
96 88 241 204 eruar.
258 131 468 186 canu-aa
490 133 644 208 [uvea.
661 135 798 203 scas]
816 137 869 193 sao

70 253 109 289 aa
123 235 209 286 Silius
218 235 347 302 privatas
361 239 443 288 esset?
470 239 696 298 lltlllessallina,
725 255 780 290 non
797 242 868 294 alias

69 304 192 358 solutior
200 303 267 354 luxu
273 341 282 366 ,
310 306 405 357 adulto
416 310 564 366 autumno,
587 308 763 357 simulacrum
773 309 868 361 vinde·

68 375 144 425 miae
186 387 238 439 per
248 373 360 425 domum
370 375 501 426 celebrat.
538 375 640 441 Vrgeri
651 374 756 441 praela,
779 375 866 428 lluere
915 401 919 408 ·

68 442 161 494 lacus:
182 447 211 492 et
222 440 342 494 feminae
353 444 470 509 pellibus
482 445 621 495 accinctae
632 444 820 506 adsultabant,
834 449 868 496 ut

70 512 261 564 sacrificantes
271 513 317 562 rel
326 513 500 562 insanientes
510 511 648 564 Bacchae:
662 514 723 580 ipsa
733 514 810 563 crine
819 511 870 563 flu·

59 592 121 642 'xo,
151 578 280 644 tlryrsum
290 582 433 646 quatiens,
447 581 590 647 ‚iuxtaque
602 580 685 632 Silius
697 580 800 634 hedera
810 583 869 632 vin·

70 655 148 709 etus,
176 663 276 714 gerere
296 647 460 709 cothurnos,
486 651 578 700 iacere
598 658 694 716 eaput,
722 655 868 716 strepente

70 719 174 769 circum
186 719 296 782 procaci
307 716 401 768 choro.
437 717 556 780 Ferunt,
575 717 701 784 Vectium
713 717 868 780 Valentem,

68 787 187 839 lascivia
198 787 229 834 iu
244 786 398 852 praealtam
417 787 547 837 arborem
565 789 722 848 connisum,
748 788 869 836 interro-

70 855 214 922 gantibus,
228 854 294 918 quid
302 855 470 921 adspiceret?
483 855 670 920 respondisse,
686 863 869 921 tempestatem

69 923 106 974 ab
117 919 198 973 Ostia
209 931 342 990 atrocem:
361 925 419 972 sire
429 929 543 987 ceperat
554 938 588 976 ea
597 925 713 990 species,
733 939 782 975 seu
793 923 868 976 forte

67 990 153 1064 lapsa
158 1005 213 1054 vox
222 992 252 1041 in
262 991 438 1056 praesagium
450 993 544 1042 vertit.

121 1058 237 1110 xxxll.
256 1059 319 1110 Nou
332 1060 560 1122 rumorinterea,
584 1059 633 1112 sed
643 1061 765 1128 undique
775 1059 869 1112 nuntii
897 1073 901 1080 ·

69 1126 219 1188 incedunt,
237 1130 299 1195 qui,
308 1143 402 1195 gnara
416 1125 530 1178 Claudio
540 1138 637 1180 cuneta
647 1139 674 1181 et
684 1129 773 1181 uenire
779 1145 869 1195 prom·
960 1139 973 1151 ³

66 1206 147 1266 ptum
161 1196 272 1257 ultioni,
300 1194 453 1247 adferrent
488 1197 581 1263 lgitur
595 1199 759 1250 Messallina
769 1199 869 1252 ercul-

69 1267 163 1318 banos
174 1267 202 1314 in
214 1264 322 1326 hortos,
339 1263 434 1328 Silius,
451 1266 652 1318 dissimulando
662 1273 748 1328 metu,
767 1267 803 1316 ad
812 1283 869 1317 rnn-

71 1332 184 1386 uiatori
194 1333 398 1399 digrediuntur.
436 1335 544 1386 Ceteris
556 1338 659 1401 passim
670 1335 869 1396 dilabentibus,

67 1403 187 1456 adfuere
208 1403 405 1465 Centuriones,
433 1403 580 1469 inditaque
601 1409 667 1454 sunt
684 1403 807 1462 vincula,
837 1408 870 1452 ut

71 1466 134 1542 quis
146 1472 340 1539 reperiebatur
349 1473 378 1522 in
389 1472 509 1539 publico,
526 1476 575 1521 aut
585 1486 635 1538 per
644 1471 777 1522 latebras.
795 1470 870 1523 Mes-

69 1541 173 1593 salliua
191 1545 301 1603 tamen,
347 1556 494 1609 numquam
510 1554 556 1590 res
571 1540 703 1591 adversae
723 1540 870 1589 consilium

70 1610 242 1671 eximerent,
268 1612 338 1661 ireo
356 1612 445 1671 viam,
472 1607 769 1675 etadspiciamarito,
796 1604 871 1674 qnod

69 1694 157 1746 saepe
167 1678 320 1730 subsidium
335 1676 484 1740 habuerat,
513 1676 587 1728 haud
603 1679 730 1745 seguiter
739 1672 871 1737 intendit,

68 1748 220 1815 iussitque,
247 1756 279 1797 ut
293 1744 471 1799 Britannicus
486 1755 513 1799 et
530 1743 645 1809 Octauia
660 1746 689 1798 in
707 1746 871 1816 complexum

65 1814 162 1887 patris
168 1823 322 1883 pergerent.
358 1817 395 1867 Et
407 1816 552 1877 Vibidiam,
563 1817 703 1884 virginum
714 1814 871 1867 Vestalium

69 1886 305 1946 vetustissimam,
324 1885 430 1947 oravit,
449 1884 594 1953 Pontificio
604 1883 803 1937 maximinum
814 1881 871 1933 adi·

69 1970 112 2017 re,
131 1953 297 2004 clementiam
308 1961 439 2019 expetere.
474 1955 564 2021 Atque
575 1955 697 2016 interim,
713 1954 803 2003 tribus
815 1966 871 2003 om·

68 2024 141 2073 uiuo
153 2022 352 2074 comitantibus
365 2023 406 2083 (id
416 2029 533 2088 repente
549 2022 710 2075 solitudinis
722 2024 794 2083 erat)
811 2035 872 2086 spa·

69 2093 142 2143 tium
152 2090 229 2141 urbis
244 2091 362 2157 pedibus
378 2106 506 2152 emensa,
532 2090 672 2154 vehiculo,
700 2106 755 2158 quo
772 2104 872 2156 purga-

68 2163 170 2212 menta
178 2156 324 2209 hortorum
337 2160 503 2225 eripiuntur,
515 2159 675 2211 Ostiensem
686 2163 759 2210 riam
769 2162 870 2208 intrat:

68 2227 149 2280 nulla
157 2228 320 2294 'cuiusquam
331 2228 538 2291 misericordia,
566 2230 632 2295 quia
641 2227 814 2295 flagitiorum
825 2226 872 2278 de·

67 2295 203 2347 formitas
220 2296 408 2362 praevalebat.
444 2296 650 2363 Trepidabatur
663 2296 844 2347 nihilominus
855 2310 873 2346 s

70 2364 206 2416 Caesares
230 2364 446 2431 quippeGetue‚
469 2364 608 2415 Praetorii
618 2364 776 2432 praefecto,
799 2362 874 2415 heard
902 2386 904 2391 ·

69 2434 141 2485 satis
151 2432 265 2495 fidebat,
285 2432 320 2483 ad
331 2430 459 2495 honesta,
479 2448 632 2499 seuprara,
651 2434 803 2486 iuxtalevi.
859 2467 862 2478 ι

120 2500 250 2553 xxxin.
276 2502 352 2567 Ergo
374 2499 536 2563 Narcissus,
572 2501 743 2568 adsumptis,
772 2502 872 2569 quibus

67 2570 144 2622 idem
154 2576 263 2633 metus,
287 2586 341 2621 noa
350 2569 433 2620 aliam
447 2584 519 2635 spem
533 2569 728 2621 incolumitatis
738 2568 872 2629 Caesaris,

67 2637 208 2697 mdrmat,
219 2646 299 2706 quam
308 2636 333 2689 si
342 2636 384 2690 iss
392 2638 518 2703 milium,
535 2654 586 2691 aaa
596 2637 643 2690 illo
652 2638 703 2701 dis,
716 2638 745 2691 in
755 2636 872 2701 aliquem
