2034 3025
711 23 723 55 Ι

91 144 95 150 ’
169 113 397 177 multene.
417 119 831 192 83,se.[h.v.out.u.0.71.]
864 122 915 179 221

109 230 157 296 qui
167 237 293 292 moneret,
311 235 352 291 ut,
372 229 513 280 lidissimis
523 229 674 279 amicornm
685 230 712 277 in
725 228 844 279 Pontum
854 232 919 280 mis

109 299 156 360 sis,
166 299 284 366 elligiem
295 313 373 349 suam
384 299 499 349 acciret:
509 296 613 348 laetum
625 297 768 363 id'llegum
777 311 919 364 magnam-

110 381 163 435 que
174 373 204 419 et
219 367 352 434 inclytam
366 367 460 418 sedem
477 365 551 427 fore,
570 379 642 432 qnae
652 367 817 431 excepisset.
838 365 920 420 simul

109 435 196 487 meum
205 435 322 487 eumdem
332 435 450 487 iuvenem
461 435 491 486 in
500 435 601 487 coelum
609 433 673 502 igne
683 432 802 500 plurimo
813 434 917 487 adtolli.

111 502 297 566 Ptolemaeus,
308 507 400 568 omine
411 511 439 555 et
450 503 584 555 miraculo
594 504 711 566 excitus,
721 501 917 554 Sacerdotibus

112 574 317 639 Aegyptiorum,
337 567 434 639 quibus
444 587 504 624 mos
514 571 583 623 talia
592 571 757 638 intelligere,
767 577 918 624 nocturnos

111 643 186 692 risus
195 642 294 707 aperit.
306 644 403 712 „Atque
414 641 478 704 illis,
497 641 581 692 Ponti
591 644 621 690 et
630 647 808 692 externorum
818 655 917 706 parum

111 711 218 778 gnaris,
239 707 430 773 Timotheum,
450 708 659 778 Atheniensem,
679 714 791 776 egente
805 709 917 760 Eumol·
956 710 959 715 '

85 801 88 806 ·
111 779 248 846 pidarum,
267 793 359 846 quem,
376 785 409 830 ut
419 781 571 830 antistitem
583 779 824 840 caerimoniarum,
834 778 917 830 Eleu·

111 850 170 900 sine
181 849 330 910 exciverat,
341 862 472 914 quaenam
481 847 532 901 itta
540 846 706 914 superstitio,
716 847 786 912 quod
795 846 918 899 Nummi

111 920 272 984 interrogat.
318 916 494 976 Timotheus,
516 917 661 982 quaesitis,
681 917 776 982 quiin
796 915 916 967 Pontum

110 991 257 1048 meassent,
277 986 427 1052 cognoscit.
437 986 534 1034 urbem
544 984 602 1034 illic
613 984 744 1050 Sinopen,
758 1000 810 1036 nec
820 983 918 1052 procul

50 1069 56 1082 ³
110 1054 253 1120 templum,
280 1061 376 1104 vetere
394 1052 469 1105 'mter
489 1052 603 1102 adcolas
623 1052 711 1114 lama,
740 1054 813 1104 loris
831 1054 916 1105 Ditis.

111 1122 237 1190 Namque
248 1127 276 1172 et
286 1121 448 1173 muliebrem
460 1121 582 1188 effigiem
591 1120 821 1194 adsisterqquam
832 1122 917 1188 pleri·

8 1231 11 1236 .
109 1207 163 1261 que
178 1192 371 1257 Proserpinam
387 1197 494 1241 vocent.
531 1189 586 1242 Sed
601 1189 786 1254 Ptolemaeus,
806 1196 838 1241 ut
851 1197 918 1244 sunt
951 1222 956 1232 ι
1006 1247 1008 1251 ,

110 1262 221 1328 ingenia
232 1261 347 1327 Regum,
367 1274 471 1326 pronus
480 1257 517 1310 orl
527 1257 711 1320 formidinem,
722 1260 769 1309 ubi
781 1262 917 1312 securitas

111 1331 203 1392 rediit,
223 1329 396 1395 voluptatum
409 1343 490 1396 qnam
501 1327 667 1394 religionum
677 1327 820 1394 adpetens,
830 1328 917 1396 negli-

109 1412 176 1466 gere
191 1395 336 1463 paullatim
356 1396 480 1463 aliaeque
499 1395 535 1446 ad
556 1411 637 1446 rurus
652 1398 775 1446 animum
791 1403 917 1450 vertere:
1007 1414 1011 1422 ·

111 1467 201 1521 donec
220 1465 316 1518 eadem
337 1466 449 1532 species,
470 1465 624 1517 terribilior
643 1465 743 1515 iamet
760 1467 918 1530 instantior,

111 1534 225 1593 enititum
234 1534 287 1601 ipsi
297 1533 443 1603 Regnaque
454 1535 642 1595 denuntiaret,
651 1532 680 1598 ni
689 1532 763 1586 iussa
770 1543 919 1602 patraren-

111 1611 167 1656 tur.
205 1604 277 1655 'l'um
288 1603 395 1671 legatos
406 1610 436 1657 et
446 1604 519 1654 dona
530 1600 764 1674 Scydrothemidi,
784 1604 863 1671 Regi,
882 1605 919 1666 (is

111 1680 178 1730 tuuc
189 1672 387 1740 Sinopensibus
397 1672 585 1739 imperitabat)
596 1672 720 1738 expediri
731 1673 821 1728 iubet:
841 1683 919 1739 prat·

110 1744 234 1865 ffipitque
250 1742 432 1862 navigatudris,
443 1750 485 1841 ‘ot
499 1739 632 1860 {pricipes
644 1739 796 1861 fidplqgliqem
809 1742 919 1861 (affectatt

109 1825 528 2003 ,destituti:hellue
541 1825 921 1945 ‚thenehumeth
953 1844 959 1853 “

120 1965 248 2017 mquerea
263 1988 270 2003 .

163 2017 314 2073 LXXXIV.
349 2020 389 2072 vt
405 2016 528 2085 Sinopen
542 2031 653 2083 venere,
671 2022 920 2087 munera,z'preces,
1015 2047 1016 2050 =

111 2088 249 2139 mandata·
263 2089 345 2155 Regis
365 2090 407 2139 aui
426 2087 651 2156 Scydrothemidi
672 2090 820 2157 adleganta
864 2088 919 2149 Qu

111 2170 207 2208 versus
222 2159 321 2220 animi,
340 2156 422 2207 modo
437 2158 546 2211 Numen
561 2172 719 2225 pavescere,
738 2158 821 2209 modo
836 2157 920 2209 minis

112 2224 286 2277 adversantis
297 2226 394 2297 populi
404 2230 519 2289 terren:
539 2243 623 2294 saepe
634 2228 713 2279 donis
723 2228 919 2292 promissisque

16 2302 21 2311 ‘
112 2294 268 2362 legatorum
282 2296 454 2347 lleotebatur.
490 2298 585 2364 Atque
599 2296 713 2348 iuterim
724 2296 843 2345 triennio
855 2308 919 2346 exa·
955 2341 960 2355 ,

112 2370 169 2426 cto,-
187 2364 364 2418 Ptolemaeus
375 2380 430 2415 non
442 2366 575 2428 studium,
585 2381 641 2417 non
653 2378 758 2431 preces,
780 2363 919 2415 omittere.

109 2435 285 2501 Dignitatem
296 2434 462 2501 legatorum,
482 2449 627 2485 nunterum
642 2434 763 2494 narium,
782 2433 843 2483 anri
854 2445 919 2498 pon·

112 2503 166 2556 dus
176 2499 304 2571 augebat.
340 2504 412 2555 'l'om
431 2506 522 2555 minax
538 2503 624 2556 iacies
637 2500 863 2569 Scydrothemidi
879 2498 920 2551 ol·
945 2541 947 2544 .

112 2572 211 2635 tenor,
230 2589 263 2625 ne
274 2570 410 2623 destinata
420 2570 481 2624 Deo
496 2575 573 2624 ultro
584 2581 748 2632 moraretur.
784 2571 920 2622 Cunctae·

112 2650 167 2696 tem
178 2644 255 2697 varia
264 2641 748 2711 perniciesmorbiqueetmanifesta
757 2640 919 2694 coelestium
