<?xml version="1.0" encoding="UTF-8"?>
<!DOCTYPE html PUBLIC "-//W3C//DTD XHTML 1.0 Transitional//EN"
    "http://www.w3.org/TR/xhtml1/DTD/xhtml1-transitional.dtd">
<html xmlns="http://www.w3.org/1999/xhtml" xml:lang="en" lang="en">
 <head>
  <title>
</title>
<meta http-equiv="Content-Type" content="text/html;charset=utf-8" />
  <meta name='ocr-system' content='tesseract 3.04.00' />
  <meta name='ocr-capabilities' content='ocr_page ocr_carea ocr_par ocr_line ocrx_word'/>
</head>
<body>
  <div class='ocr_page' id='page_1' title='image "./ccorneliitaciti00socigoog_0737.png"; bbox 0 0 2034 3025; ppageno 0'>
   <div class='ocr_carea' id='block_1_1' title="bbox 105 108 752 231">
    <p class='ocr_par' dir='ltr' id='par_1_1' title="bbox 105 108 752 231">
     <span class='ocr_line' id='line_1_1' title="bbox 105 108 752 231; baseline -0.003 -32"><span class='ocrx_word' id='word_1_1' title='bbox 105 108 138 231; x_wconf 65' lang='lat' dir='ltr'>&#39;j</span> <span class='ocrx_word' id='word_1_2' title='bbox 167 144 225 199; x_wconf 81' lang='lat' dir='ltr'>aon</span> <span class='ocrx_word' id='word_1_3' title='bbox 367 141 460 197; x_wconf 65' lang='lat' dir='ltr'>”nn</span> <span class='ocrx_word' id='word_1_4' title='bbox 478 142 752 217; x_wconf 78' lang='lat' dir='ltr'>onnroursvs</span> 
     </span>
    </p>
   </div>
   <div class='ocr_carea' id='block_1_2' title="bbox 106 214 989 800">
    <p class='ocr_par' dir='ltr' id='par_1_2' title="bbox 106 214 989 800">
     <span class='ocr_line' id='line_1_2' title="bbox 177 214 982 238; baseline -0.001 0"><span class='ocrx_word' id='word_1_5' title='bbox 177 214 982 238; x_wconf 45' lang='lat' dir='ltr'>W—-ss-r———d-n</span> 
     </span>
     <span class='ocr_line' id='line_1_3' title="bbox 173 248 987 320; baseline 0.001 -19"><span class='ocrx_word' id='word_1_6' title='bbox 173 264 285 320; x_wconf 80' lang='lat' dir='ltr'>quoque</span> <span class='ocrx_word' id='word_1_7' title='bbox 294 249 494 301; x_wconf 85' lang='lat' dir='ltr'>iucunditatem</span> <span class='ocrx_word' id='word_1_8' title='bbox 506 256 535 299; x_wconf 88' lang='lat' dir='ltr'>ot</span> <span class='ocrx_word' id='word_1_9' title='bbox 547 250 689 317; x_wconf 72' lang='lat' dir='ltr'>elegorum</span> <span class='ocrx_word' id='word_1_10' title='bbox 700 248 832 300; x_wconf 80' lang='lat' dir='ltr'><strong>lascivias</strong></span> <span class='ocrx_word' id='word_1_11' title='bbox 845 250 987 302; x_wconf 87' lang='lat' dir='ltr'>etiambo·</span> 
     </span>
     <span class='ocr_line' id='line_1_4' title="bbox 174 317 989 387; baseline -0.002 -15"><span class='ocrx_word' id='word_1_12' title='bbox 174 336 235 373; x_wconf 87' lang='lat' dir='ltr'>rum</span> <span class='ocrx_word' id='word_1_13' title='bbox 246 317 459 370; x_wconf 76' lang='lat' dir='ltr'><strong>amaritudinem</strong></span> <span class='ocrx_word' id='word_1_14' title='bbox 472 323 500 368; x_wconf 90' lang='lat' dir='ltr'>et</span> <span class='ocrx_word' id='word_1_15' title='bbox 509 319 742 384; x_wconf 75' lang='lat' dir='ltr'><strong>epigrammatum</strong></span> <span class='ocrx_word' id='word_1_16' title='bbox 756 317 839 369; x_wconf 89' lang='lat' dir='ltr'>lusus</span> <span class='ocrx_word' id='word_1_17' title='bbox 853 326 885 371; x_wconf 87' lang='lat' dir='ltr'>et</span> <span class='ocrx_word' id='word_1_18' title='bbox 896 336 989 387; x_wconf 88' lang='lat' dir='ltr'>quam-</span> 
     </span>
     <span class='ocr_line' id='line_1_5' title="bbox 173 385 989 457; baseline -0.001 -15"><span class='ocrx_word' id='word_1_19' title='bbox 173 404 292 457; x_wconf 85' lang='lat' dir='ltr'>cumque</span> <span class='ocrx_word' id='word_1_20' title='bbox 306 388 390 439; x_wconf 80' lang='lat' dir='ltr'>aliam</span> <span class='ocrx_word' id='word_1_21' title='bbox 406 389 526 455; x_wconf 78' lang='lat' dir='ltr'>speciem</span> <span class='ocrx_word' id='word_1_22' title='bbox 542 385 839 454; x_wconf 29' lang='lat' dir='ltr'>eloquentialhabean</span> <span class='ocrx_word' id='word_1_23' title='bbox 871 396 989 456; x_wconf 89' lang='lat' dir='ltr'>antepo-</span> 
     </span>
     <span class='ocr_line' id='line_1_6' title="bbox 173 452 988 511; baseline 0 -1"><span class='ocrx_word' id='word_1_24' title='bbox 173 460 294 511; x_wconf 81' lang='lat' dir='ltr'>nendam</span> <span class='ocrx_word' id='word_1_25' title='bbox 305 458 408 509; x_wconf 87' lang='lat' dir='ltr'>ceteris</span> <span class='ocrx_word' id='word_1_26' title='bbox 418 452 537 507; x_wconf 58' lang='lat' dir='ltr'>aliarum*</span> <span class='ocrx_word' id='word_1_27' title='bbox 549 460 651 507; x_wconf 87' lang='lat' dir='ltr'>artium</span> <span class='ocrx_word' id='word_1_28' title='bbox 661 455 760 507; x_wconf 86' lang='lat' dir='ltr'>studiis</span> <span class='ocrx_word' id='word_1_29' title='bbox 772 456 870 507; x_wconf 84' lang='lat' dir='ltr'>credo.</span> <span class='ocrx_word' id='word_1_30' title='bbox 892 460 988 510; x_wconf 88' lang='lat' dir='ltr'>sedte·</span> 
     </span>
     <span class='ocr_line' id='line_1_7' title="bbox 174 523 988 590; baseline -0.002 -11"><span class='ocrx_word' id='word_1_31' title='bbox 174 544 236 579; x_wconf 84' lang='lat' dir='ltr'>curn</span> <span class='ocrx_word' id='word_1_32' title='bbox 246 526 324 590; x_wconf 88' lang='lat' dir='ltr'>mibi,</span> <span class='ocrx_word' id='word_1_33' title='bbox 340 523 486 588; x_wconf 80' lang='lat' dir='ltr'>Materne,</span> <span class='ocrx_word' id='word_1_34' title='bbox 506 540 553 577; x_wconf 91' lang='lat' dir='ltr'>res</span> <span class='ocrx_word' id='word_1_35' title='bbox 564 530 621 588; x_wconf 86' lang='lat' dir='ltr'>est,</span> <span class='ocrx_word' id='word_1_36' title='bbox 660 525 724 587; x_wconf 92' lang='lat' dir='ltr'>uod,</span> <span class='ocrx_word' id='word_1_37' title='bbox 744 540 807 576; x_wconf 90' lang='lat' dir='ltr'>cum</span> <span class='ocrx_word' id='word_1_38' title='bbox 818 532 988 579; x_wconf 81' lang='lat' dir='ltr'>naturatua</span> 
     </span>
     <span class='ocr_line' id='line_1_8' title="bbox 125 542 987 663; baseline 0.002 -16"><span class='ocrx_word' id='word_1_39' title='bbox 125 617 127 620; x_wconf 62' lang='grc'>’</span> <span class='ocrx_word' id='word_1_40' title='bbox 174 600 204 647; x_wconf 92' lang='lat' dir='ltr'>in</span> <span class='ocrx_word' id='word_1_41' title='bbox 212 598 300 663; x_wconf 89' lang='lat' dir='ltr'>ipsam</span> <span class='ocrx_word' id='word_1_42' title='bbox 313 612 403 650; x_wconf 84' lang='lat' dir='ltr'>arcem</span> <span class='ocrx_word' id='word_1_43' title='bbox 415 596 591 663; x_wconf 77' lang='lat' dir='ltr'>eloquentiae</span> <span class='ocrx_word' id='word_1_44' title='bbox 601 599 630 645; x_wconf 90' lang='lat' dir='ltr'>te</span> <span class='ocrx_word' id='word_1_45' title='bbox 641 542 723 656; x_wconf 50' lang='lat' dir='ltr'>perat,</span> <span class='ocrx_word' id='word_1_46' title='bbox 738 607 837 645; x_wconf 87' lang='lat' dir='ltr'>errare</span> <span class='ocrx_word' id='word_1_47' title='bbox 849 600 944 647; x_wconf 82' lang='lat' dir='ltr'>mavis</span> <span class='ocrx_word' id='word_1_48' title='bbox 954 602 987 658; x_wconf 81' lang='lat' dir='ltr'>et,</span> 
     </span>
     <span class='ocr_line' id='line_1_9' title="bbox 174 662 986 731; baseline -0.002 -14"><span class='ocrx_word' id='word_1_49' title='bbox 174 666 423 731; x_wconf 78' lang='lat' dir='ltr'>sunimuadeptus,</span> <span class='ocrx_word' id='word_1_50' title='bbox 450 668 480 715; x_wconf 89' lang='lat' dir='ltr'>in</span> <span class='ocrx_word' id='word_1_51' title='bbox 490 664 642 716; x_wconf 82' lang='lat' dir='ltr'>levioribus</span> <span class='ocrx_word' id='word_1_52' title='bbox 656 664 794 716; x_wconf 82' lang='lat' dir='ltr'>subsistis.</span> <span class='ocrx_word' id='word_1_53' title='bbox 833 662 890 727; x_wconf 91' lang='lat' dir='ltr'>Vt,</span> <span class='ocrx_word' id='word_1_54' title='bbox 920 667 986 717; x_wconf 91' lang='lat' dir='ltr'>siin</span> 
     </span>
     <span class='ocr_line' id='line_1_10' title="bbox 106 732 985 800; baseline 0 -15"><span class='ocrx_word' id='word_1_55' title='bbox 106 775 117 785; x_wconf 55' lang='lat'><strong>„</strong></span> <span class='ocrx_word' id='word_1_56' title='bbox 175 736 296 787; x_wconf 85' lang='lat' dir='ltr'>Graecia</span> <span class='ocrx_word' id='word_1_57' title='bbox 305 741 386 786; x_wconf 85' lang='lat' dir='ltr'>natus</span> <span class='ocrx_word' id='word_1_58' title='bbox 397 748 485 797; x_wconf 87' lang='lat' dir='ltr'>esses,</span> <span class='ocrx_word' id='word_1_59' title='bbox 504 732 552 784; x_wconf 92' lang='lat' dir='ltr'>ubi</span> <span class='ocrx_word' id='word_1_60' title='bbox 562 732 683 785; x_wconf 90' lang='lat' dir='ltr'>ludicras</span> <span class='ocrx_word' id='word_1_61' title='bbox 694 746 804 800; x_wconf 86' lang='lat' dir='ltr'>quoque</span> <span class='ocrx_word' id='word_1_62' title='bbox 815 739 900 785; x_wconf 90' lang='lat' dir='ltr'>artes</span> <span class='ocrx_word' id='word_1_63' title='bbox 913 750 985 787; x_wconf 83' lang='lat' dir='ltr'>exer·</span> 
     </span>
    </p>
   </div>
   <div class='ocr_carea' id='block_1_3' title="bbox 78 802 985 864">
    <p class='ocr_par' dir='ltr' id='par_1_3' title="bbox 78 802 985 864">
     <span class='ocr_line' id='line_1_11' title="bbox 78 802 985 864; baseline 0 -9"><span class='ocrx_word' id='word_1_64' title='bbox 78 855 82 861; x_wconf 79' lang='grc'><strong>,</strong></span> <span class='ocrx_word' id='word_1_65' title='bbox 175 820 238 855; x_wconf 87' lang='lat' dir='ltr'>cere</span> <span class='ocrx_word' id='word_1_66' title='bbox 254 803 402 855; x_wconf 86' lang='lat' dir='ltr'>honestum</span> <span class='ocrx_word' id='word_1_67' title='bbox 414 808 469 864; x_wconf 89' lang='lat' dir='ltr'>est,</span> <span class='ocrx_word' id='word_1_68' title='bbox 498 817 532 853; x_wconf 91' lang='lat' dir='ltr'>ac</span> <span class='ocrx_word' id='word_1_69' title='bbox 540 802 591 853; x_wconf 86' lang='lat' dir='ltr'>tibi</span> <span class='ocrx_word' id='word_1_70' title='bbox 602 802 752 854; x_wconf 82' lang='lat' dir='ltr'>Nicostrati</span> <span class='ocrx_word' id='word_1_71' title='bbox 768 802 862 853; x_wconf 91' lang='lat' dir='ltr'>robur</span> <span class='ocrx_word' id='word_1_72' title='bbox 873 806 985 857; x_wconf 71' lang='lat' dir='ltr'>aex-ires</span> 
     </span>
    </p>
   </div>
   <div class='ocr_carea' id='block_1_4' title="bbox 109 870 1001 2188">
    <p class='ocr_par' dir='ltr' id='par_1_4' title="bbox 112 870 993 1354">
     <span class='ocr_line' id='line_1_12' title="bbox 112 870 984 941; baseline -0.001 -18"><span class='ocrx_word' id='word_1_73' title='bbox 112 910 126 923; x_wconf 65' lang='lat'>„</span> <span class='ocrx_word' id='word_1_74' title='bbox 175 874 223 925; x_wconf 89' lang='lat' dir='ltr'>Dii</span> <span class='ocrx_word' id='word_1_75' title='bbox 238 872 392 934; x_wconf 84' lang='lat' dir='ltr'>dedissent,</span> <span class='ocrx_word' id='word_1_76' title='bbox 421 882 476 921; x_wconf 90' lang='lat' dir='ltr'>non·</span> <span class='ocrx_word' id='word_1_77' title='bbox 492 877 607 938; x_wconf 88' lang='lat' dir='ltr'>paterer</span> <span class='ocrx_word' id='word_1_78' title='bbox 619 874 745 923; x_wconf 89' lang='lat' dir='ltr'>inmanes</span> <span class='ocrx_word' id='word_1_79' title='bbox 758 870 828 922; x_wconf 87' lang='lat' dir='ltr'>illos</span> <span class='ocrx_word' id='word_1_80' title='bbox 846 879 877 923; x_wconf 87' lang='lat' dir='ltr'>et</span> <span class='ocrx_word' id='word_1_81' title='bbox 892 874 929 926; x_wconf 90' lang='lat' dir='ltr'>ad</span> <span class='ocrx_word' id='word_1_82' title='bbox 943 888 984 941; x_wconf 90' lang='lat' dir='ltr'>pu·</span> 
     </span>
     <span class='ocr_line' id='line_1_13' title="bbox 174 941 986 1009; baseline 0 -18"><span class='ocrx_word' id='word_1_83' title='bbox 174 956 257 1009; x_wconf 87' lang='lat' dir='ltr'>guam</span> <span class='ocrx_word' id='word_1_84' title='bbox 269 946 351 991; x_wconf 85' lang='lat' dir='ltr'>natos</span> <span class='ocrx_word' id='word_1_85' title='bbox 360 941 482 992; x_wconf 87' lang='lat' dir='ltr'>lacertos</span> <span class='ocrx_word' id='word_1_86' title='bbox 493 942 607 992; x_wconf 85' lang='lat' dir='ltr'>levitate</span> <span class='ocrx_word' id='word_1_87' title='bbox 618 941 701 991; x_wconf 89' lang='lat' dir='ltr'>iuouli</span> <span class='ocrx_word' id='word_1_88' title='bbox 710 942 853 1007; x_wconf 24' lang='lat' dir='ltr'>autriactu</span> <span class='ocrx_word' id='word_1_89' title='bbox 864 942 938 992; x_wconf 86' lang='lat' dir='ltr'>disci</span> <span class='ocrx_word' id='word_1_90' title='bbox 946 957 986 991; x_wconf 81' lang='lat' dir='ltr'>ra·</span> 
     </span>
     <span class='ocr_line' id='line_1_14' title="bbox 174 1006 987 1062; baseline 0.001 -1"><span class='ocrx_word' id='word_1_91' title='bbox 174 1011 302 1061; x_wconf 78' lang='lat' dir='ltr'>nesoere:</span> <span class='ocrx_word' id='word_1_92' title='bbox 313 1011 353 1061; x_wconf 85' lang='lat' dir='ltr'>sic</span> <span class='ocrx_word' id='word_1_93' title='bbox 363 1016 473 1061; x_wconf 82' lang='lat' dir='ltr'>nuncto</span> <span class='ocrx_word' id='word_1_94' title='bbox 483 1010 518 1059; x_wconf 91' lang='lat' dir='ltr'>ab</span> <span class='ocrx_word' id='word_1_95' title='bbox 529 1011 675 1062; x_wconf 89' lang='lat' dir='ltr'>auditoriis</span> <span class='ocrx_word' id='word_1_96' title='bbox 685 1014 713 1059; x_wconf 88' lang='lat' dir='ltr'>et</span> <span class='ocrx_word' id='word_1_97' title='bbox 724 1006 848 1059; x_wconf 82' lang='lat' dir='ltr'>theatris</span> <span class='ocrx_word' id='word_1_98' title='bbox 859 1012 890 1060; x_wconf 92' lang='lat' dir='ltr'>in</span> <span class='ocrx_word' id='word_1_99' title='bbox 898 1010 987 1062; x_wconf 79' lang='lat' dir='ltr'>forum</span> 
     </span>
     <span class='ocr_line' id='line_1_15' title="bbox 175 1078 989 1147; baseline -0.012 -16"><span class='ocrx_word' id='word_1_100' title='bbox 175 1080 206 1131; x_wconf 81' lang='lat' dir='ltr'>et</span> <span class='ocrx_word' id='word_1_101' title='bbox 215 1078 251 1130; x_wconf 92' lang='lat' dir='ltr'>ad</span> <span class='ocrx_word' id='word_1_102' title='bbox 261 1094 374 1130; x_wconf 89' lang='lat' dir='ltr'>caussas</span> <span class='ocrx_word' id='word_1_103' title='bbox 390 1084 420 1129; x_wconf 84' lang='lat' dir='ltr'>et</span> <span class='ocrx_word' id='word_1_104' title='bbox 433 1078 468 1128; x_wconf 87' lang='lat' dir='ltr'>ad</span> <span class='ocrx_word' id='word_1_105' title='bbox 478 1093 545 1129; x_wconf 79' lang='lat' dir='ltr'>vera</span> <span class='ocrx_word' id='word_1_106' title='bbox 554 1078 660 1144; x_wconf 87' lang='lat' dir='ltr'>proelia</span> <span class='ocrx_word' id='word_1_107' title='bbox 670 1092 752 1140; x_wconf 80' lang='lat' dir='ltr'>voc03</span> <span class='ocrx_word' id='word_1_108' title='bbox 785 1092 852 1127; x_wconf 88' lang='lat' dir='ltr'>cum</span> <span class='ocrx_word' id='word_1_109' title='bbox 864 1094 989 1147; x_wconf 87' lang='lat' dir='ltr'>praescr.</span> 
     </span>
     <span class='ocr_line' id='line_1_16' title="bbox 175 1146 990 1217; baseline -0.001 -17"><span class='ocrx_word' id='word_1_110' title='bbox 175 1152 224 1201; x_wconf 85' lang='lat' dir='ltr'>tim</span> <span class='ocrx_word' id='word_1_111' title='bbox 236 1164 271 1198; x_wconf 92' lang='lat' dir='ltr'>ne</span> <span class='ocrx_word' id='word_1_112' title='bbox 282 1148 315 1197; x_wconf 90' lang='lat' dir='ltr'>ad</span> <span class='ocrx_word' id='word_1_113' title='bbox 327 1148 353 1197; x_wconf 93' lang='lat' dir='ltr'>id</span> <span class='ocrx_word' id='word_1_114' title='bbox 366 1148 476 1215; x_wconf 88' lang='lat' dir='ltr'>quidem</span> <span class='ocrx_word' id='word_1_115' title='bbox 487 1146 639 1217; x_wconf 73' lang='lat' dir='ltr'>confligere</span> <span class='ocrx_word' id='word_1_116' title='bbox 649 1147 747 1213; x_wconf 88' lang='lat' dir='ltr'>possis,</span> <span class='ocrx_word' id='word_1_117' title='bbox 757 1146 837 1213; x_wconf 89' lang='lat' dir='ltr'>quod</span> <span class='ocrx_word' id='word_1_118' title='bbox 849 1148 990 1217; x_wconf 87' lang='lat' dir='ltr'>plerisque</span> 
     </span>
     <span class='ocr_line' id='line_1_17' title="bbox 175 1216 991 1287; baseline 0.001 -19"><span class='ocrx_word' id='word_1_119' title='bbox 175 1217 377 1287; x_wconf 83' lang='lat' dir='ltr'>patrocinatur,</span> <span class='ocrx_word' id='word_1_120' title='bbox 393 1222 534 1283; x_wconf 78' lang='lat' dir='ltr'><strong>tamquam</strong></span> <span class='ocrx_word' id='word_1_121' title='bbox 547 1218 637 1267; x_wconf 85' lang='lat' dir='ltr'>minus</span> <span class='ocrx_word' id='word_1_122' title='bbox 649 1216 799 1267; x_wconf 82' lang='lat' dir='ltr'>obnoxium</span> <span class='ocrx_word' id='word_1_123' title='bbox 811 1217 853 1265; x_wconf 90' lang='lat' dir='ltr'>sit</span> <span class='ocrx_word' id='word_1_124' title='bbox 865 1217 991 1270; x_wconf 80' lang='lat' dir='ltr'>offensae</span> 
     </span>
     <span class='ocr_line' id='line_1_18' title="bbox 175 1284 993 1354; baseline 0 -17"><span class='ocrx_word' id='word_1_125' title='bbox 175 1293 337 1354; x_wconf 87' lang='lat' dir='ltr'>poetarum,</span> <span class='ocrx_word' id='word_1_126' title='bbox 366 1300 448 1353; x_wconf 84' lang='lat' dir='ltr'>quam</span> <span class='ocrx_word' id='word_1_127' title='bbox 463 1290 620 1349; x_wconf 81' lang='lat' dir='ltr'>oratorum,</span> <span class='ocrx_word' id='word_1_128' title='bbox 638 1284 782 1335; x_wconf 80' lang='lat' dir='ltr'>studium.</span> <span class='ocrx_word' id='word_1_129' title='bbox 820 1284 993 1339; x_wconf 76' lang='lat' dir='ltr'>Efferrescit</span> 
     </span>
    </p>

    <p class='ocr_par' dir='ltr' id='par_1_5' title="bbox 157 1354 997 1702">
     <span class='ocr_line' id='line_1_19' title="bbox 157 1354 992 1422; baseline -0.001 -13"><span class='ocrx_word' id='word_1_130' title='bbox 157 1408 161 1415; x_wconf 76' lang='grc'><strong>,</strong></span> <span class='ocrx_word' id='word_1_131' title='bbox 177 1358 249 1410; x_wconf 89' lang='lat' dir='ltr'>enim</span> <span class='ocrx_word' id='word_1_132' title='bbox 260 1357 302 1407; x_wconf 82' lang='lat' dir='ltr'>vis</span> <span class='ocrx_word' id='word_1_133' title='bbox 312 1354 516 1422; x_wconf 79' lang='lat' dir='ltr'>pulcherrimae</span> <span class='ocrx_word' id='word_1_134' title='bbox 531 1361 649 1405; x_wconf 89' lang='lat' dir='ltr'>naturae</span> <span class='ocrx_word' id='word_1_135' title='bbox 661 1360 740 1417; x_wconf 81' lang='lat' dir='ltr'>tusa3</span> <span class='ocrx_word' id='word_1_136' title='bbox 771 1368 825 1404; x_wconf 91' lang='lat' dir='ltr'>nec</span> <span class='ocrx_word' id='word_1_137' title='bbox 835 1369 894 1421; x_wconf 92' lang='lat' dir='ltr'>pro</span> <span class='ocrx_word' id='word_1_138' title='bbox 907 1360 992 1407; x_wconf 70' lang='lat' dir='ltr'>antico</span> 
     </span>
     <span class='ocr_line' id='line_1_20' title="bbox 177 1424 996 1494; baseline -0.002 -16"><span class='ocrx_word' id='word_1_139' title='bbox 177 1427 285 1494; x_wconf 83' lang='lat' dir='ltr'>aliquo,</span> <span class='ocrx_word' id='word_1_140' title='bbox 305 1426 364 1488; x_wconf 88' lang='lat' dir='ltr'>sed,</span> <span class='ocrx_word' id='word_1_141' title='bbox 375 1424 449 1493; x_wconf 88' lang='lat' dir='ltr'>quod</span> <span class='ocrx_word' id='word_1_142' title='bbox 460 1425 645 1491; x_wconf 82' lang='lat' dir='ltr'>periculosius</span> <span class='ocrx_word' id='word_1_143' title='bbox 657 1428 707 1485; x_wconf 90' lang='lat' dir='ltr'>est,</span> <span class='ocrx_word' id='word_1_144' title='bbox 718 1436 769 1488; x_wconf 88' lang='lat' dir='ltr'>pro</span> <span class='ocrx_word' id='word_1_145' title='bbox 782 1424 898 1477; x_wconf 82' lang='lat' dir='ltr'>Catone</span> <span class='ocrx_word' id='word_1_146' title='bbox 911 1426 996 1479; x_wconf 81' lang='lat' dir='ltr'>uffen-</span> 
     </span>
     <span class='ocr_line' id='line_1_21' title="bbox 176 1488 996 1564; baseline -0.004 -16"><span class='ocrx_word' id='word_1_147' title='bbox 176 1497 228 1548; x_wconf 87' lang='lat' dir='ltr'>dis.</span> <span class='ocrx_word' id='word_1_148' title='bbox 263 1510 316 1548; x_wconf 87' lang='lat' dir='ltr'>nec</span> <span class='ocrx_word' id='word_1_149' title='bbox 326 1499 478 1564; x_wconf 82' lang='lat' dir='ltr'>excusatur</span> <span class='ocrx_word' id='word_1_150' title='bbox 488 1488 596 1546; x_wconf 85' lang='lat' dir='ltr'>offensa</span> <span class='ocrx_word' id='word_1_151' title='bbox 607 1492 811 1546; x_wconf 83' lang='lat' dir='ltr'>necessitudine</span> <span class='ocrx_word' id='word_1_152' title='bbox 825 1490 930 1558; x_wconf 84' lang='lat' dir='ltr'>officii,</span> <span class='ocrx_word' id='word_1_153' title='bbox 951 1502 996 1548; x_wconf 89' lang='lat' dir='ltr'>aut</span> 
     </span>
     <span class='ocr_line' id='line_1_22' title="bbox 176 1563 997 1628; baseline -0.005 -10"><span class='ocrx_word' id='word_1_154' title='bbox 176 1566 233 1618; x_wconf 86' lang='lat' dir='ltr'>iide</span> <span class='ocrx_word' id='word_1_155' title='bbox 244 1564 450 1628; x_wconf 75' lang='lat' dir='ltr'>advocationis,</span> <span class='ocrx_word' id='word_1_156' title='bbox 479 1569 529 1615; x_wconf 89' lang='lat' dir='ltr'>aut</span> <span class='ocrx_word' id='word_1_157' title='bbox 543 1563 677 1615; x_wconf 79' lang='lat' dir='ltr'>fortuitae</span> <span class='ocrx_word' id='word_1_158' title='bbox 688 1569 718 1614; x_wconf 90' lang='lat' dir='ltr'>et</span> <span class='ocrx_word' id='word_1_159' title='bbox 731 1563 841 1615; x_wconf 85' lang='lat' dir='ltr'>subitae</span> <span class='ocrx_word' id='word_1_160' title='bbox 857 1564 997 1618; x_wconf 83' lang='lat' dir='ltr'>dictionis</span> 
     </span>
     <span class='ocr_line' id='line_1_23' title="bbox 176 1631 997 1702; baseline -0.002 -16"><span class='ocrx_word' id='word_1_161' title='bbox 176 1636 288 1702; x_wconf 85' lang='lat' dir='ltr'>inpetu:</span> <span class='ocrx_word' id='word_1_162' title='bbox 318 1642 349 1686; x_wconf 88' lang='lat' dir='ltr'>at</span> <span class='ocrx_word' id='word_1_163' title='bbox 364 1641 395 1685; x_wconf 90' lang='lat' dir='ltr'>tu</span> <span class='ocrx_word' id='word_1_164' title='bbox 411 1634 562 1685; x_wconf 86' lang='lat' dir='ltr'>meditatus</span> <span class='ocrx_word' id='word_1_165' title='bbox 582 1633 686 1684; x_wconf 84' lang='lat' dir='ltr'>rideris</span> <span class='ocrx_word' id='word_1_166' title='bbox 702 1631 822 1698; x_wconf 80' lang='lat' dir='ltr'>elegisse</span> <span class='ocrx_word' id='word_1_167' title='bbox 837 1639 997 1700; x_wconf 74' lang='lat' dir='ltr'>personam</span> 
     </span>
    </p>

    <p class='ocr_par' dir='ltr' id='par_1_6' title="bbox 109 1699 998 1772">
     <span class='ocr_line' id='line_1_24' title="bbox 109 1699 998 1772; baseline -0.001 -17"><span class='ocrx_word' id='word_1_168' title='bbox 109 1751 111 1755; x_wconf 85' lang='lat'><em>.</em></span> <span class='ocrx_word' id='word_1_169' title='bbox 176 1705 327 1757; x_wconf 81' lang='lat' dir='ltr'>notabilem</span> <span class='ocrx_word' id='word_1_170' title='bbox 339 1711 438 1756; x_wconf 83' lang='lat' dir='ltr'>etcum</span> <span class='ocrx_word' id='word_1_171' title='bbox 450 1704 619 1755; x_wconf 82' lang='lat' dir='ltr'>auctoritate</span> <span class='ocrx_word' id='word_1_172' title='bbox 630 1702 776 1768; x_wconf 79' lang='lat' dir='ltr'>dicturam.</span> <span class='ocrx_word' id='word_1_173' title='bbox 800 1699 920 1766; x_wconf 85' lang='lat' dir='ltr'>Sentio,</span> <span class='ocrx_word' id='word_1_174' title='bbox 932 1703 998 1772; x_wconf 88' lang='lat' dir='ltr'>quid</span> 
     </span>
    </p>

    <p class='ocr_par' dir='ltr' id='par_1_7' title="bbox 176 1771 999 1840">
     <span class='ocr_line' id='line_1_25' title="bbox 176 1771 999 1840; baseline -0.002 -14"><span class='ocrx_word' id='word_1_175' title='bbox 176 1774 340 1840; x_wconf 88' lang='lat' dir='ltr'>responderi</span> <span class='ocrx_word' id='word_1_176' title='bbox 348 1777 452 1840; x_wconf 68' lang='lat' dir='ltr'>possita</span> <span class='ocrx_word' id='word_1_177' title='bbox 481 1771 549 1823; x_wconf 84' lang='lat' dir='ltr'>hiuc‘</span> <span class='ocrx_word' id='word_1_178' title='bbox 556 1774 685 1840; x_wconf 86' lang='lat' dir='ltr'>ingentes</span> <span class='ocrx_word' id='word_1_179' title='bbox 698 1772 831 1824; x_wconf 85' lang='lat' dir='ltr'>exsistere</span> <span class='ocrx_word' id='word_1_180' title='bbox 843 1771 999 1836; x_wconf 88' lang='lat' dir='ltr'>adsensus,</span> 
     </span>
    </p>

    <p class='ocr_par' dir='ltr' id='par_1_8' title="bbox 177 1839 1001 2188">
     <span class='ocr_line' id='line_1_26' title="bbox 177 1839 1000 1911; baseline -0.004 -16"><span class='ocrx_word' id='word_1_181' title='bbox 177 1844 242 1896; x_wconf 86' lang='lat' dir='ltr'>binc</span> <span class='ocrx_word' id='word_1_182' title='bbox 262 1845 290 1894; x_wconf 92' lang='lat' dir='ltr'>in</span> <span class='ocrx_word' id='word_1_183' title='bbox 310 1845 377 1911; x_wconf 85' lang='lat' dir='ltr'>ipsis</span> <span class='ocrx_word' id='word_1_184' title='bbox 396 1841 706 1908; x_wconf 79' lang='lat' dir='ltr'>auditoriis&#39;praecipue</span> <span class='ocrx_word' id='word_1_185' title='bbox 725 1839 850 1902; x_wconf 87' lang='lat' dir='ltr'>laudari,</span> <span class='ocrx_word' id='word_1_186' title='bbox 882 1848 916 1893; x_wconf 89' lang='lat' dir='ltr'>et</span> <span class='ocrx_word' id='word_1_187' title='bbox 931 1857 1000 1894; x_wconf 80' lang='lat' dir='ltr'>uror</span> 
     </span>
     <span class='ocr_line' id='line_1_27' title="bbox 178 1904 1001 1978; baseline 0.001 -16"><span class='ocrx_word' id='word_1_188' title='bbox 178 1904 300 1968; x_wconf 74' lang='lat' dir='ltr'>osnniuin</span> <span class='ocrx_word' id='word_1_189' title='bbox 313 1913 485 1964; x_wconf 87' lang='lat' dir='ltr'>sermonibus</span> <span class='ocrx_word' id='word_1_190' title='bbox 496 1910 574 1962; x_wconf 81' lang='lat' dir='ltr'>ferri.</span> <span class='ocrx_word' id='word_1_191' title='bbox 607 1909 689 1961; x_wconf 87' lang='lat' dir='ltr'>Tolle</span> <span class='ocrx_word' id='word_1_192' title='bbox 698 1911 785 1978; x_wconf 84' lang='lat' dir='ltr'>igitur</span> <span class='ocrx_word' id='word_1_193' title='bbox 796 1911 909 1976; x_wconf 87' lang='lat' dir='ltr'>quietis</span> <span class='ocrx_word' id='word_1_194' title='bbox 919 1919 950 1963; x_wconf 88' lang='lat' dir='ltr'>et</span> <span class='ocrx_word' id='word_1_195' title='bbox 959 1927 1001 1963; x_wconf 85' lang='lat' dir='ltr'>se·</span> 
     </span>
     <span class='ocr_line' id='line_1_28' title="bbox 178 1977 997 2050; baseline -0.001 -19"><span class='ocrx_word' id='word_1_196' title='bbox 178 1984 308 2038; x_wconf 81' lang='lat' dir='ltr'>euritstis</span> <span class='ocrx_word' id='word_1_197' title='bbox 318 1977 539 2044; x_wconf 81' lang='lat' dir='ltr'>excusationem,</span> <span class='ocrx_word' id='word_1_198' title='bbox 555 1995 616 2031; x_wconf 88' lang='lat' dir='ltr'>cum</span> <span class='ocrx_word' id='word_1_199' title='bbox 627 1981 678 2030; x_wconf 91' lang='lat' dir='ltr'>tibi</span> <span class='ocrx_word' id='word_1_200' title='bbox 689 1993 783 2050; x_wconf 88' lang='lat' dir='ltr'>sumas</span> <span class='ocrx_word' id='word_1_201' title='bbox 793 1979 997 2032; x_wconf 83' lang='lat' dir='ltr'>adversarium</span> 
     </span>
     <span class='ocr_line' id='line_1_29' title="bbox 177 2049 997 2117; baseline -0.005 -14"><span class='ocrx_word' id='word_1_202' title='bbox 177 2053 358 2117; x_wconf 75' lang='lat' dir='ltr'>superiorein.</span> <span class='ocrx_word' id='word_1_203' title='bbox 376 2051 458 2101; x_wconf 91' lang='lat' dir='ltr'>nobis</span> <span class='ocrx_word' id='word_1_204' title='bbox 468 2053 537 2101; x_wconf 89' lang='lat' dir='ltr'>satis</span> <span class='ocrx_word' id='word_1_205' title='bbox 547 2053 593 2113; x_wconf 84' lang='lat' dir='ltr'>sit,</span> <span class='ocrx_word' id='word_1_206' title='bbox 608 2050 731 2115; x_wconf 81' lang='lat' dir='ltr'>privatus</span> <span class='ocrx_word' id='word_1_207' title='bbox 742 2052 770 2100; x_wconf 87' lang='lat' dir='ltr'>et</span> <span class='ocrx_word' id='word_1_208' title='bbox 780 2051 876 2100; x_wconf 87' lang='lat' dir='ltr'>nostri</span> <span class='ocrx_word' id='word_1_209' title='bbox 888 2049 997 2102; x_wconf 86' lang='lat' dir='ltr'>saeculi</span> 
     </span>
     <span class='ocr_line' id='line_1_30' title="bbox 177 2118 995 2188; baseline -0.004 -15"><span class='ocrx_word' id='word_1_210' title='bbox 177 2121 486 2179; x_wconf 61' lang='lat' dir='ltr'>controversatum,</span> <span class='ocrx_word' id='word_1_211' title='bbox 515 2121 544 2170; x_wconf 85' lang='lat' dir='ltr'>iu</span> <span class='ocrx_word' id='word_1_212' title='bbox 561 2119 661 2187; x_wconf 90' lang='lat' dir='ltr'>quibus</span> <span class='ocrx_word' id='word_1_213' title='bbox 678 2118 818 2186; x_wconf 82' lang='lat' dir='ltr'>expressis</span> <span class='ocrx_word' id='word_1_214' title='bbox 835 2118 862 2170; x_wconf 90' lang='lat' dir='ltr'>si</span> <span class='ocrx_word' id='word_1_215' title='bbox 879 2120 995 2188; x_wconf 87' lang='lat' dir='ltr'>quando</span> 
     </span>
    </p>
   </div>
   <div class='ocr_carea' id='block_1_5' title="bbox 4 2151 995 2254">
    <p class='ocr_par' dir='ltr' id='par_1_9' title="bbox 4 2151 995 2254">
     <span class='ocr_line' id='line_1_31' title="bbox 4 2151 995 2254; baseline -0.006 -10"><span class='ocrx_word' id='word_1_216' title='bbox 4 2198 5 2219; x_wconf 56' lang='lat'>;</span> <span class='ocrx_word' id='word_1_217' title='bbox 50 2151 57 2170; x_wconf 47' lang='lat' dir='ltr'><em>l</em></span> <span class='ocrx_word' id='word_1_218' title='bbox 93 2225 96 2227; x_wconf 97' lang='lat'>-</span> <span class='ocrx_word' id='word_1_219' title='bbox 178 2189 355 2251; x_wconf 79' lang='lat' dir='ltr'>accessesit,</span> <span class='ocrx_word' id='word_1_220' title='bbox 383 2200 436 2254; x_wconf 87' lang='lat' dir='ltr'>pro</span> <span class='ocrx_word' id='word_1_221' title='bbox 446 2189 621 2254; x_wconf 81' lang='lat' dir='ltr'>periclitante</span> <span class='ocrx_word' id='word_1_222' title='bbox 631 2189 727 2238; x_wconf 48' lang='lat' dir='ltr'>*amico</span> <span class='ocrx_word' id='word_1_223' title='bbox 738 2189 941 2254; x_wconf 84' lang='lat' dir='ltr'>potentiorum</span> <span class='ocrx_word' id='word_1_224' title='bbox 953 2204 995 2240; x_wconf 89' lang='lat' dir='ltr'>au·</span> 
     </span>
    </p>
   </div>
   <div class='ocr_carea' id='block_1_6' title="bbox 178 2255 993 2382">
    <p class='ocr_par' dir='ltr' id='par_1_10' title="bbox 178 2255 993 2382">
     <span class='ocr_line' id='line_1_32' title="bbox 178 2255 993 2324; baseline 0 -14"><span class='ocrx_word' id='word_1_225' title='bbox 178 2277 224 2320; x_wconf 74' lang='lat' dir='ltr'>res</span> <span class='ocrx_word' id='word_1_226' title='bbox 239 2258 395 2321; x_wconf 55' lang='lat' dir='ltr'>mandere,</span> <span class='ocrx_word' id='word_1_227' title='bbox 424 2263 453 2323; x_wconf 77' lang='lat' dir='ltr'>et</span> <span class='ocrx_word' id='word_1_228' title='bbox 468 2259 588 2324; x_wconf 88' lang='lat' dir='ltr'>probata</span> <span class='ocrx_word' id='word_1_229' title='bbox 602 2259 639 2308; x_wconf 89' lang='lat' dir='ltr'>sit</span> <span class='ocrx_word' id='word_1_230' title='bbox 654 2257 723 2311; x_wconf 86' lang='lat' dir='ltr'>fides</span> <span class='ocrx_word' id='word_1_231' title='bbox 735 2260 763 2309; x_wconf 91' lang='lat' dir='ltr'>et</span> <span class='ocrx_word' id='word_1_232' title='bbox 773 2255 904 2324; x_wconf 83' lang='lat' dir='ltr'>libertas</span> <span class='ocrx_word' id='word_1_233' title='bbox 917 2273 993 2312; x_wconf 77' lang='lat' dir='ltr'>extu</span> 
     </span>
     <span class='ocr_line' id='line_1_33' title="bbox 179 2336 386 2382; baseline -0.005 -1"><span class='ocrx_word' id='word_1_234' title='bbox 179 2337 249 2382; x_wconf 84' lang='lat' dir='ltr'>sata.</span> <span class='ocrx_word' id='word_1_235' title='bbox 328 2353 331 2363; x_wconf 48' lang='lat' dir='ltr'><em>f</em></span> <span class='ocrx_word' id='word_1_236' title='bbox 382 2336 386 2345; x_wconf 76' lang='grc'><strong>“</strong></span> 
     </span>
    </p>
   </div>
   <div class='ocr_carea' id='block_1_7' title="bbox 177 2391 1002 2740">
    <p class='ocr_par' dir='ltr' id='par_1_11' title="bbox 177 2391 1002 2740">
     <span class='ocr_line' id='line_1_34' title="bbox 230 2391 998 2462; baseline 0.003 -15"><span class='ocrx_word' id='word_1_237' title='bbox 230 2399 284 2454; x_wconf 59' lang='lat' dir='ltr'>XL*</span> <span class='ocrx_word' id='word_1_238' title='bbox 297 2399 377 2459; x_wconf 78' lang='lat' dir='ltr'>Quae</span> <span class='ocrx_word' id='word_1_239' title='bbox 387 2405 448 2448; x_wconf 81' lang='lat' dir='ltr'>oum</span> <span class='ocrx_word' id='word_1_240' title='bbox 460 2396 576 2449; x_wconf 85' lang='lat' dir='ltr'>dixisset</span> <span class='ocrx_word' id='word_1_241' title='bbox 585 2397 657 2462; x_wconf 84' lang='lat' dir='ltr'>Aper</span> <span class='ocrx_word' id='word_1_242' title='bbox 667 2396 768 2459; x_wconf 85' lang='lat' dir='ltr'>acrius,</span> <span class='ocrx_word' id='word_1_243' title='bbox 782 2391 815 2447; x_wconf 84' lang='lat' dir='ltr'>ut&#39;</span> <span class='ocrx_word' id='word_1_244' title='bbox 825 2395 958 2460; x_wconf 80' lang='lat' dir='ltr'>solebat,</span> <span class='ocrx_word' id='word_1_245' title='bbox 972 2405 998 2449; x_wconf 85' lang='lat' dir='ltr'>et</span> 
     </span>
     <span class='ocr_line' id='line_1_35' title="bbox 178 2465 1000 2535; baseline 0.004 -19"><span class='ocrx_word' id='word_1_246' title='bbox 178 2469 288 2516; x_wconf 66' lang='lat' dir='ltr'>ostento</span> <span class='ocrx_word' id='word_1_247' title='bbox 299 2477 357 2528; x_wconf 85' lang='lat' dir='ltr'>ore,</span> <span class='ocrx_word' id='word_1_248' title='bbox 372 2468 504 2518; x_wconf 82' lang='lat' dir='ltr'>remissus</span> <span class='ocrx_word' id='word_1_249' title='bbox 515 2471 543 2516; x_wconf 92' lang='lat' dir='ltr'>et</span> <span class='ocrx_word' id='word_1_250' title='bbox 552 2465 872 2528; x_wconf 77' lang='lat' dir='ltr'>subridensMaternus,</span> <span class='ocrx_word' id='word_1_251' title='bbox 889 2471 1000 2535; x_wconf 74' lang='lat' dir='ltr'>parari,</span> 
     </span>
     <span class='ocr_line' id='line_1_36' title="bbox 177 2532 1000 2605; baseline 0.005 -22"><span class='ocrx_word' id='word_1_252' title='bbox 177 2535 278 2599; x_wconf 76' lang='lat' dir='ltr'>inquit,</span> <span class='ocrx_word' id='word_1_253' title='bbox 298 2549 352 2595; x_wconf 88' lang='lat' dir='ltr'>me,</span> <span class='ocrx_word' id='word_1_254' title='bbox 371 2545 428 2585; x_wconf 90' lang='lat' dir='ltr'>non</span> <span class='ocrx_word' id='word_1_255' title='bbox 440 2535 531 2582; x_wconf 84' lang='lat' dir='ltr'>minus</span> <span class='ocrx_word' id='word_1_256' title='bbox 542 2532 735 2585; x_wconf 85' lang='lat' dir='ltr'>diuadcusare</span> <span class='ocrx_word' id='word_1_257' title='bbox 746 2535 890 2598; x_wconf 85' lang='lat' dir='ltr'>oratores,</span> <span class='ocrx_word' id='word_1_258' title='bbox 912 2553 1000 2605; x_wconf 80' lang='lat' dir='ltr'>quam</span> 
     </span>
     <span class='ocr_line' id='line_1_37' title="bbox 177 2602 1002 2666; baseline 0.006 -15"><span class='ocrx_word' id='word_1_259' title='bbox 177 2603 251 2663; x_wconf 82' lang='lat' dir='ltr'>Aper</span> <span class='ocrx_word' id='word_1_260' title='bbox 261 2602 393 2652; x_wconf 66' lang='lat' dir='ltr'>laudarit·</span> <span class='ocrx_word' id='word_1_261' title='bbox 429 2602 503 2652; x_wconf 85' lang='lat' dir='ltr'>Fore</span> <span class='ocrx_word' id='word_1_262' title='bbox 514 2603 585 2652; x_wconf 90' lang='lat' dir='ltr'>enim</span> <span class='ocrx_word' id='word_1_263' title='bbox 598 2603 768 2665; x_wconf 86' lang='lat' dir='ltr'>arbitrabar,</span> <span class='ocrx_word' id='word_1_264' title='bbox 794 2609 840 2666; x_wconf 90' lang='lat' dir='ltr'>ut,</span> <span class='ocrx_word' id='word_1_265' title='bbox 869 2605 1002 2656; x_wconf 82' lang='lat' dir='ltr'>alauda·</span> 
     </span>
     <span class='ocr_line' id='line_1_38' title="bbox 178 2668 1001 2740; baseline 0.015 -26"><span class='ocrx_word' id='word_1_266' title='bbox 178 2668 257 2734; x_wconf 72' lang='lat' dir='ltr'>done</span> <span class='ocrx_word' id='word_1_267' title='bbox 264 2668 360 2724; x_wconf 78' lang='lat' dir='ltr'>sorum</span> <span class='ocrx_word' id='word_1_268' title='bbox 372 2671 525 2738; x_wconf 82' lang='lat' dir='ltr'>digressus,</span> <span class='ocrx_word' id='word_1_269' title='bbox 541 2668 711 2723; x_wconf 86' lang='lat' dir='ltr'>detrectaret</span> <span class='ocrx_word' id='word_1_270' title='bbox 719 2675 819 2738; x_wconf 86' lang='lat' dir='ltr'>poetas</span> <span class='ocrx_word' id='word_1_271' title='bbox 832 2679 927 2740; x_wconf 86' lang='lat' dir='ltr'>atque</span> <span class='ocrx_word' id='word_1_272' title='bbox 941 2691 1001 2726; x_wconf 82' lang='lat' dir='ltr'>ear·</span> 
     </span>
    </p>
   </div>
   <div class='ocr_carea' id='block_1_8' title="bbox 0 0 1028 3025">
    <p class='ocr_par' dir='ltr' id='par_1_12' title="bbox 0 0 1028 3025">
     <span class='ocr_line' id='line_1_39' title="bbox 0 0 1028 3025; baseline 0 0"><span class='ocrx_word' id='word_1_273' title='bbox 0 0 1028 3025; x_wconf 95' lang='lat' dir='ltr'> </span> 
     </span>
    </p>
   </div>
  </div>
 </body>
</html>
