2034 3025
108 129 253 184 mave
274 122 481 184 carae-2⁷.
500 129 661 200 [nume.
676 132 815 202 acea]
833 135 886 188 aee

75 231 405 304 naniurproiectafcret.
437 235 524 286 Actae
534 235 568 286 ob
579 235 608 286 id
618 241 722 302 grates,
731 237 887 292 decretum·
907 283 908 288 ,
956 250 958 259 “

75 321 142 372 que,
162 311 197 354 ut
210 301 462 371 quintumdecimum
478 302 544 356 Kal.
556 303 725 375 ll'uvenedrir,
744 307 886 376 utriusque

74 373 146 429 neme
156 371 209 435 die,
216 388 268 440 per
278 371 363 426 omnir
372 389 466 436 annor,
479 375 577 426 denium
587 374 646 427 Ioui
655 385 829 438 sacraretur,
843 409 845 415 -

134 443 239 496 XXVl.
258 442 344 494 Haud
355 443 443 493 multo
458 450 522 508 pest
534 445 662 498 Cocceius
673 443 784 516 Nerva,
798 448 884 497 centi-

73 529 146 568 nuus
158 511 304 578 Principis,
325 513 414 570 omnis
425 513 519 565 Dirini
530 511 697 582 humanique
708 515 775 568 iuris
785 516 885 576 sciens,

72 587 186 651 integro
203 587 289 642 statu,
310 595 427 648 corpore
447 583 563 646 inlaeso,
582 585 718 638 moriendi
736 584 884 646 consilium

73 655 157 721 cepit.
194 653 277 716 Quod
287 658 319 703 ut
329 653 442 704 Tiberio
452 647 602 721 cognitdm,
618 655 756 719 adsidere,
772 669 885 708 caussas

71 724 231 791 requirere,
241 722 345 774 addere
354 737 459 788 preces,
473 723 555 775 fateri
565 729 716 790 postremo,
729 741 816 795 grune
826 739 887 778 cun·

71 792 215 860 wieutiue,
231 809 318 862 grune
331 792 429 864 famae
443 809 518 858 tuae,
538 793 562 845 si
572 794 715 863 proximus
729 795 887 856 amicerum,
915 805 919 828 ⁸

71 862 159 918 nullia
168 861 300 915 moriendi
309 862 471 926 rationibus,
484 863 570 924 eitam
575 864 701 936 fugeret.
737 867 888 918 Aversatus
989 863 991 865 ’

72 948 235 986 sermonem
247 932 347 995 Nerva,
359 935 555 986 abstinentiam
565 936 619 988 cibi
631 935 784 987 coniunxit.
803 935 888 990 Fere-

71 1003 145 1055 bent
159 1004 239 1125 gnari
254 1004 453 1070 cogitationum
469 1005 542 1066 eiua,
563 1011 668 1071 quanto
683 1004 797 1072 propius
811 1007 888 1060 mala

72 1073 167 1139 Reipu
187 1072 327 1135 iviseret,
346 1074 428 1125 iraet
439 1080 527 1137 metu,
548 1073 612 1132 dum
627 1078 746 1142 integer,
764 1075 833 1128 ilum
847 1074 887 1128 in·
969 1090 976 1096 ·

73 1148 213 1207 tentatus,
233 1140 380 1194 honestum
391 1145 474 1196 tinem
485 1143 614 1196 voluisse.
651 1146 781 1198 Ceterum
791 1147 889 1214 Agrip

73 1213 161 1280 pisae
172 1213 319 1279 pernicies,
328 1213 404 1282 quod
413 1215 460 1266 vix
470 1213 612 1276 credibile,
622 1214 780 1268 Plancinam
791 1218 887 1268 traxit.

73 1281 174 1348 Nupta
184 1282 251 1334 olim
264 1283 311 1336 Cn.
323 1279 425 1346 Pisoni,
438 1289 471 1346 ‚et
483 1283 573 1350 palam
586 1285 661 1337 lacta
669 1290 761 1338 morte
772 1285 888 1340 Germd

74 1353 143 1414 uici,
153 1367 214 1404 cum
225 1351 290 1404 Piso
301 1353 423 1418 caderet,
433 1355 561 1420 precibus
572 1357 723 1423 Augustae,
734 1372 785 1410 nec
796 1358 887 1408 minus

73 1413 229 1476 inimicitiis
238 1421 407 1491 Agrippinae
417 1424 533 1476 defensa
543 1431 617 1476 erat:
636 1429 668 1475 ut
684 1426 779 1476 odium
790 1432 817 1478 et
828 1441 888 1492 gra·
906 1423 910 1430 “

50 1493 119 1547 'tia
138 1492 261 1557 desiere,
280 1493 326 1545 tus
345 1493 446 1558 valuit3
466 1496 608 1561 petitaque
629 1495 792 1547 criminibus
813 1493 905 1566 haud,

72 1563 191 1631 ignotis,
201 1577 252 1615 sua
262 1577 355 1628 manu,
370 1578 434 1617 sera
443 1565 533 1631 magia
543 1577 626 1631 quam
636 1566 774 1632 inmerita,
784 1564 888 1637 suppli-

75 1636 122 1686 cia
135 1633 278 1701 persolvit.
533 1645 535 1648 ’
746 1684 749 1690 .

138 1703 256 1756 xxvii.
275 1704 332 1756 Tot
340 1699 465 1759 luctibus
472 1704 586 1759 funesta
596 1709 805 1775 civitate„pars
815 1719 888 1759 mae·

73 1774 152 1827 roris
164 1771 231 1836 suit,
250 1775 413 1843 quodlulia,
433 1776 520 1828 Drusi
531 1778 598 1840 lilia,
618 1779 759 1846 quondam
768 1777 889 1831 Neronia

73 1858 160 1906 uxor,
171 1844 301 1911 denupsit
310 1846 338 1897 in
345 1846 457 1898 domum
464 1847 585 1899 Rubellii
591 1849 701 1913 Blandi,
712 1850 788 1901 cuius
798 1862 889 1908 aruis,

74 1914 236 1977 Tiburtem,
246 1914 375 1982 Equitem
385 1910 551 1981 llomanum,
562 1919 688 1987 plerique
698 1920 888 1972 meminerant.

70 1984 215 2038 Extremo
226 1984 292 2035 anni
300 2000 376 2040 mors
386 1986 457 2039 Aelii
467 1986 583 2041 Lamiae
599 1988 697 2043 funere
708 1990 835 2043 censorio
847 2002 889 2039 ce

73 2050 199 2116 lebrata,
213 2054 269 2121 qui,
287 2054 524 2109 administrandae
535 2056 634 2126 Syriae
645 2061 765 2127 imagine
775 2058 888 2113 tandem

76 2122 233 2185 exsolutus,
243 2123 306 2175 urbi
317 2123 487 2192 praefuerat
505 2143 592 2195 genus
603 2129 646 2179 illi
657 2129 805 2193 decorun13
824 2128 889 2178 vivi·

75 2191 267 2256 dasenectus3
287 2199 317 2246 et
332 2208 387 2245 non
400 2198 538 2260 permissa
547 2200 687 2264 provincia
698 2199 887 2266 dignationem

77 2261 235 2315 addiderat.
270 2264 352 2327 Exin,
366 2262 467 2316 Flacco
478 2264 631 2334 Pomponio
642 2267 742 2335 Syriae
754 2268 888 2334 Propraa

77 2336 144 2384 tore
151 2331 292 2394 defuncto,
302 2334 457 2385 recitantur
467 2334 594 2389 Caesaris
604 2338 724 2400 litterae,
743 2340 804 2404 quis
814 2338 889 2387 incu-

79 2401 169 2465 sabat,
183 2402 324 2471 egregium
339 2417 475 2471 quemque,
489 2413 517 2455 et
527 2406 651 2475 regendis
662 2406 824 2459 exercitibus
834 2406 889 2457 ido·

78 2486 174 2533 mum,
193 2470 310 2524 abnuere
324 2469 356 2523 id
369 2489 481 2526 munuc.-
500 2490 578 2541 reque
597 2493 630 2528 eu
643 2475 838 2529 necessitudine
854 2473 890 2524 cd

75 2555 172 2611 precer
183 2539 253 2611 rugi,
260 2556 311 2611 per
320 2557 387 2609 quur
397 2544 580 2595 cancellarium
590 2544 676 2613 aliqui
685 2559 821 2611 capescere
828 2556 891 2608 pre·

78 2608 184 2665 muriae
193 2607 384 2679 adigerentur:
403 2612 506 2664 oblitus
517 2612 690 2675 Arruntium,
705 2629 740 2665 ne
751 2615 778 2663 in
790 2612 891 2673 Hispa·

77 2681 307 2990 alKnpergeret,
323 2680 779 2735 decimumiamannumadtineri.
815 2676 892 2759 Obiit
