2034 3025
76 155 251 216 maxrv.
270 153 476 208 cnam-m
495 153 875 226 [nonanoeane

76 263 189 313 uellent:
207 260 298 310 dotans
308 259 391 322 etiarn
401 257 705 312 absoluends‘liessts'sor.
724 261 779 311 llis
790 269 820 312 at
839 277 875 316 us

76 328 181 382 talibus
191 329 333 391 recitati,
352 335 381 379 et
392 327 724 390 offensionennunifestu,
742 279 875 384 boniaco
910 323 917 330 ⁶

52 439 62 458 ,
77 403 128 450 sut
139 396 272 448 Consules
284 402 427 448 mutavere
437 398 614 464 relationem,
633 400 683 447 aut
692 397 820 449 'l'braseu
829 398 875 450 ds·

76 467 164 520 cessit
174 466 328 526 sententia,
347 466 481 527 ceterive,
500 480 571 533 quae
582 465 779 531 probaverunt,
797 465 876 518 dess-
896 493 899 499 ·

38 573 43 580 .
76 548 173 586 rueres
201 547 279 598 pars,
307 549 342 584 ne
353 531 510 600 Principem
521 534 659 584 obieeise
669 533 792 587 invidiae
801 533 876 586 vids-

74 605 191 663 rentur3
210 600 305 666 plures
315 616 431 652 numero
441 603 510 664 tuti3
530 600 658 653 Thrasea
666 607 750 653 sueta
757 603 875 654 firmitu-

75 669 143 722 dine
154 670 250 730 animi,
270 675 298 720 et
309 684 344 718 ne
355 670 446 735 gloria
455 670 646 722 intercideret.
800 717 805 726 .

128 737 162 788 L.
179 734 264 789 llaud
275 737 380 802 dispari
391 739 507 790 erimine
518 737 662 789 Fabricius
673 737 793 789 Veiento
810 753 875 789 eon·

72 805 199 860 dictatus
210 811 254 856 est
260 841 268 868 ‚
288 805 358 869 quod
365 806 450 858 rnults
460 815 488 857 et
493 806 625 872 probrosa
635 805 664 858 s'n
674 805 776 863 Patres
785 814 814 858 st
824 805 875 859 Ss-

73 874 195 927 cerdotes
205 873 405 940 conspersisset,
432 874 466 925 s‘s's
476 874 567 938 libris,
588 875 683 939 quibus
692 891 786 927 nornen
796 875 876 927 Codi-

75 943 205 994 cillorum
216 941 333 992 dederat.
360 943 517 994 adiiciebat
527 944 624 995 Tullus
635 944 779 1005 Geminus,
798 958 876 996 occu·

39 1059 42 1067 ,
74 1016 169 1071 sotorz
182 1009 320 1061 venditata
331 1011 364 1062 ob
375 1027 404 1062 eo
414 1027 525 1062 munero
534 1010 682 1076 Principis,
692 1020 720 1062 st
729 1011 877 1078 adipiscer-

76 1078 171 1131 sorum
188 1075 316 1129 bonorum
327 1077 380 1138 ius.
417 1094 487 1146 quae
501 1094 601 1130 caussa
610 1080 716 1131 Neroni
727 1079 877 1130 luitsusci·

75 1147 173 1215 piendi
184 1145 292 1196 iudicii:
321 1149 532 1215 convictumque
543 1147 725 1198 Veientonem
737 1147 820 1197 ltalia
828 1145 876 1198 de·

76 1215 165 1282 pulit,
192 1219 222 1264 et
232 1215 318 1266 libros
330 1217 408 1267 exuri
418 1217 516 1278 iussit,
539 1217 711 1283 conquisitos
722 1216 878 1267 lectitatos-

76 1296 147 1352 que,
171 1283 259 1334 donec
269 1299 330 1334 cum
340 1284 464 1349 periculo
475 1285 660 1349 parabanturs
687 1299 752 1334 nrox
760 1284 878 1336 licentia

77 1347 200 1402 habendi
212 1351 379 1402 obliuionem
390 1351 501 1403 adtulit.
873 1397 877 1403 .

79 1416 82 1424 ’
130 1417 176 1469 Ll.
196 1415 255 1470 Sed
271 1421 499 1484 gravescentibus
518 1421 550 1468 iu
569 1419 629 1470 dies
647 1419 765 1484 publim's
785 1418 877 1480 malis,

79 1486 207 1539 ¹subsidia
225 1487 437 1539 minuebantur:
469 1486 665 1554 concessitque
682 1487 741 1538 vita
759 1485 879 1550 Burrus,

78 1556 219 1608 incertum
231 1554 405 1616 valetudine,
433 1570 469 1606 an
482 1569 600 1605 veneno.
615 1617 617 1622 Ι
636 1553 775 1606 Valetudo
790 1568 825 1604 ex
840 1569 877 1606 eo

79 1624 306 1686 coniectabatur,
335 1623 409 1691 quod
419 1624 448 1684 in
459 1638 489 1673 se
499 1623 719 1673 tumescentibus
730 1622 877 1687 paullatim

79 1692 216 1753 saucibus,
235 1700 263 1743 et
273 1692 399 1757 inpedito
411 1696 516 1753 meatu,
533 1692 665 1757 spiritum
675 1688 800 1741 finiebat.
818 1689 878 1755 plu·
894 1700 896 1705 ·

78 1776 143 1825 res,
170 1761 248 1811 iussu
258 1760 393 1823 Neronis,
420 1760 500 1828 quasi
516 1759 669 1822 reuredium
686 1756 879 1821 adhiberetur,
977 1805 980 1816 Χ

78 1830 193 1880 inlitum
205 1828 326 1899 palatum
338 1830 397 1879 eius
408 1830 492 1880 noxio
507 1826 703 1889 medicamine,
731 1828 879 1878 adserere-3

78 1897 163 1949 bant:
184 1902 213 1948 et
223 1897 357 1959 Burrum,
377 1898 521 1949 intellecto
532 1895 651 1958 scelere,
669 1910 731 1945 eum
742 1896 882 1947 advises·
932 1915 935 1922 ·

81 1964 148 2019 dum
159 1979 222 2020 eum
232 1963 364 2029 Princeps
374 1966 506 2025 venisset,
514 1961 518 1968 “
526 1964 687 2029 adspectum
699 1966 759 2014 eius
770 1978 881 2013 aversa-

80 2038 151 2094 tum,
169 2034 324 2083 sciscitanti
334 2032 467 2083 haetenus
479 2031 672 2097 respondisse,
690 2030 753 2099 Ego
763 2048 804 2081 me
814 2031 879 2083 desse

81 2098 174 2153 baben
210 2100 322 2151 civitati
333 2099 438 2167 grande
451 2100 620 2151 desiderium
631 2101 691 2149 cius
702 2101 814 2161 mansit,
827 2112 881 2165 per
901 2142 904 2147 ,

80 2170 246 2225 memoriam
258 2168 378 2229 virtutis,
394 2173 422 2217 et
431 2182 624 2219 successorum
635 2168 751 2218 alterins
761 2181 880 2233 segnem

79 2238 281 2297 innocentiam,
292 2237 407 2286 alterius
417 2234 638 2352 flagrantissima
647 2235 756 2302 flagitia
766 2233 880 2285 etadul·

80 2306 170 2359 teria.
208 2307 311 2371 quippe
330 2306 433 2353 Caesar
472 2318 523 2353 uos
543 2303 696 2357 Praetoriis
716 2302 878 2358 cohortibus

82 2376 262 2440 inposuerat:
285 2372 401 2423 Fenium
413 2370 528 2434 Rufum,
550 2370 789 2437 exvulgifavore,
817 2370 885 2436 quia

83 2458 146 2498 rem
156 2440 369 2501 frumentariam
382 2440 442 2489 sine
450 2446 567 2505 quaestu
574 2436 725 2492 tractabat:
736 2438 882 2496 Sofonium
963 2452 967 2457 ¹

82 2510 271 2575 Tigellinum,
299 2513 423 2561 veterem
434 2507 627 2573 inpudicitiam
639 2517 723 2573 atque
736 2505 884 2560 infamiam¹
966 2531 973 2539 κ

81 2581 115 2631 in
126 2593 159 2629 eo
171 2584 292 2629 secutus.
308 2578 397 2643 Atque
407 2576 448 2626 illi
459 2590 509 2641 pro
521 2577 642 2641 cognitis
653 2574 777 2625 moribus
788 2572 881 2624 sueres

83 2644 204 2699 validior
215 2644 372 2715 'l'igellinus
381 2645 412 2695 iu
422 2645 515 2698 auimo
525 2644 676 2709 Principis,
694 2638 884 2696 etintimisli·¹
