2034 3025
50 226 54 230 ¹
148 146 258 198 emb
279 143 468 198 cantem
489 144 770 215 [avesnacqs]
790 148 861 236 —dj

53 269 117 304 non
127 253 275 319 participes
285 251 486 302 aut-ministros
499 249 588 311 bellu,
605 249 659 302 sed
664 251 793 302 comitum
803 266 862 316 spe·

55 324 119 382 cie,
138 335 231 371 secum
247 318 379 384 expedire
393 319 482 370 iubet:
502 319 531 368 in
564 319 607 368 uis
621 323 650 369 et
665 318 698 370 L.
707 319 862 383 Vitellium,
930 332 932 338 ⁴

55 387 160 441 endem
171 404 226 456 que
237 391 344 439 ceteras
354 387 439 449 cultu,
450 401 503 438 nee
512 334 728 452 ut‘ffmperntnris
738 386 861 447 fratrem,

55 472 112 510 nee
125 462 158 507 ut
172 457 267 508 hostis.
303 457 390 521 lgitur
405 461 483 506 mota
492 455 568 505 urbis
582 469 660 505 cura:
687 454 780 506 nullm
790 455 860 506 urdo

55 531 138 578 metu
149 532 198 577 eut
211 525 332 591 periculo
342 539 454 574 vacuus.
489 526 624 588 prinieres
635 521 754 574 Senatm
768 529 860 574 aetate

54 594 175 646 invalidi
185 600 214 644 et
223 595 307 659 longa
316 606 384 657 pace
394 592 517 643 desides:
535 592 632 657 segnis·
639 592 765 656 etnblitn
775 591 861 642 bellu·

55 677 124 714 rum
135 662 278 722 nobilitas3
289 661 402 726 ignarus
413 661 533 710 militiae
539 661 644 725 Ermes:
661 664 764 726 quantu
774 659 862 726 magis

57 731 203 782 occultare
215 735 243 780 et
253 727 494 792 abderepavorem
505 729 672 790 nitebantur,
687 727 862 779 manifestius

56 798 165 866 pavidi.
200 795 385 850 Needeerant
395 811 410 847 e
419 799 572 856 contrario,
590 798 637 862 qui
648 797 799 846 ambitione
807 803 864 846 stu·

55 867 128 928 lida,
148 867 294 931 conspicua
303 879 380 916 anna
386 899 394 926 ,
415 867 537 930 insignes
548 878 647 929 eques,
665 865 776 930 quidem
787 865 863 917 luxu-

58 939 153 988 riosus
169 934 316 1000 adparatus
333 934 520 984 conviviorum
535 938 564 983 et
578 934 758 984 inritamenta
776 932 864 983 libidi-

59 1019 144 1065 num,
163 1009 195 1053 nt
205 1006 389 1054 instrumenta
399 1001 475 1062 belli,
495 1007 693 1064 niercarentur.
729 999 863 1066 Sapienti·

59 1073 115 1124 bus
131 1073 229 1138 quietis
245 1077 273 1122 et
289 1069 466 1134 Reipublicae
482 1083 559 1119 eura:
578 1067 733 1120 levissimus
749 1071 863 1135 quisque

62 1145 93 1194 et
103 1137 367 1206 luturijnprmnidun
383 1152 431 1202 spe
441 1139 519 1186 vaila*
522 1142 643 1186 tumens:
658 1136 863 1192 nrulti-adssieta
962 1132 966 1147 “

60 1207 244 1275 fideinpaee,
262 1202 423 1280 acturbatis
432 1206 514 1256 rebus
525 1205 642 1266 elacnes,
660 1209 689 1256 et
697 1219 747 1270 per
757 1206 864 1256 incerta
948 1219 953 1226 ⁸

61 1279 204 1328 tutissimi.

115 1341 269 1400 Lxxxrx.
305 1339 364 1392 Sed
379 1339 500 1406 uulgus,
524 1343 554 1390 et
573 1339 767 1405 magnitudine
781 1341 865 1390 nimia

63 1413 249 1466 communium
266 1423 394 1459 curarum
411 1422 507 1472 expers
522 1405 655 1472 populns,
674 1409 779 1458 sentire
789 1407 865 1472 paul-

61 1482 142 1535 latim
153 1479 219 1531 belli
229 1477 317 1539 niele,
336 1489 469 1526 com'ersa
478 1476 510 1525 in·
518 1475 634 1525 militum
645 1489 724 1525 usum
737 1476 810 1524 mrini
821 1489 865 1540 pe·

64 1551 160 1611 cunia,
189 1548 303 1597 intentis
324 1543 519 1595 alimentorum
538 1544 646 1608 pretiis:
676 1558 766 1609 quae,
787 1551 865 1593 niatu

64 1616 202 1678 Vindicis,
223 1613 297 1665 haud
311 1611 424 1677 perinde
440 1611 549 1678 plebem
564 1610 749 1673 sidtu-iverant,
768 1626 866 1661 secura

64 1693 125 1737 tum
145 1686 218 1736 urbe
233 1689 263 1736 et
281 1679 444 1749 provinciali
458 1680 545 1741 bello,
565 1679 642 1747 qued
656 1681 730 1743 inter
743 1680 867 1749 legiones
951 1737 954 1744 ¹

67 1754 230 1821 Galliasque
249 1752 326 1803 velut
346 1754 491 1801 externum
504 1748 573 1799 fuit.
603 1747 692 1810 Nam,
712 1762 749 1799 ex
762 1762 816 1816 qno
831 1748 867 1800 1).

66 1826 204 1891 Augustus
223 1836 269 1872 res
290 1821 440 1871 Caesarum
459 1818 626 1884 compesuit,
655 1816 761 1883 procul,
790 1822 819 1868 et
838 1819 866 1868 in

67 1894 151 1943 unius
167 1889 379 1942 sollicitudinem
400 1891 449 1940 eut
468 1886 567 1949 decus,
590 1885 711 1952 Populus
726 1886 866 1937 Raninnns

68 1961 227 2012 bellaverit.
263 1957 318 2009 Sub
330 1958 442 2007 Tiberio
461 1961 489 2007 et
500 1956 589 2017 Gaio,
609 1961 718 2006 tuntum
733 1956 810 2019 pacis.
821 1956 868 2006 ad·

69 2044 146 2081 versa
157 2032 187 2079 in
196 2026 400 2092 Rempublicam
412 2026 582 2089 pertinuere
619 2022 792 2075 Scriboniani
803 2038 867 2079 enn-

68 2105 112 2148 tra
123 2096 266 2146 claudium
276 2095 387 2159 incepta
396 2092 585 2144 siniuluudite
596 2098 624 2143 et
635 2094 763 2143 coercita.
792 2091 867 2144 Nero

70 2164 172 2215 nuntiis
187 2163 273 2227 magis
289 2168 317 2211 et
330 2162 499 2223 rumoribus,
530 2176 612 2227 quam
626 2163 709 2212 armis
729 2160 868 2226 depulsus.

70 2234 138 2285 Tum
149 2230 272 2296 legiones
283 2229 458 2294 classesque„
472 2230 508 2290 et,
529 2230 678 2296 quadrare
689 2228 767 2291 alias,
786 2228 869 2278 Prae·

72 2302 193 2351 tmianus
203 2296 378 2362 urbanusque
385 2296 469 2347 miles
479 2298 510 2346 in·
518 2300 606 2348 aciem
618 2297 744 2348 deducti:
768 2296 869 2345 Oriens

72 2368 257 2433 Occidensque
270 2369 299 2417 et
308 2364 440 2430 quidquid
450 2366 589 2431 utrimque
599 2367 699 2416 uirium
710 2369 760 2425 est,
780 2378 797 2413 a
815 2371 870 2415 ter·

72 2452 118 2504 gn:
137 2438 160 2487 si
172 2435 286 2486 ducibus
302 2434 362 2483 aliis
376 2431 510 2483 bellatum
526 2432 614 2496 feret,
633 2435 716 2499 longo
727 2430 801 2483 belin
812 2448 868 2482 ma

72 2508 147 2556 teria.
184 2504 281 2565 Fuere,
295 2503 340 2567 qui
351 2502 534 2566 proficiscenti
544 2500 647 2553 Othoni
660 2506 751 2550 inuras
761 2499 870 2567 religie-

73 2588 177 2641 neinqne
188 2572 302 2626 nortdnm
313 2569 480 2621 conditorum
491 2569 628 2632 aiidlimn,
647 2568 798 2620 adferrent.
818 2568 871 2618 rid-

73 2646 215 2706 spernatis
226 2646 269 2693 est
280 2654 389 2691 omnem
400 2640 614 2696 cunctationem.
633 2645 673 2698 ut,
691 2636 794 2688 Neroni
805 2649 872 2701 quo·
