2034 3025
119 113 203 168 LlB.
213 111 246 166 V.
264 111 349 165 οΑΡ.
361 109 445 165 1-3.
465 113 509 180 [A.
521 113 553 164 V.
564 115 623 180 782.
639 111 713 165 AC.
724 113 778 184 aq]
809 111 859 168 185
894 149 900 154 -

43 239 124 276 mam
146 221 172 274 ei
193 219 399 271 matrimonium
421 225 450 269 et
470 217 551 270 liberi
571 217 651 270 fuere
665 233 728 269 cnm
744 220 860 270 Tiberio
881 263 887 272 .

44 293 171 353 Nerone,
182 290 230 358 qui
240 287 317 342 bello
327 287 462 342 Perusino
473 287 619 355 profugus,
633 301 703 354 pace
712 289 786 338 inter
795 285 859 339 Ser.

45 361 214 428 Pompeium
233 373 266 410 ac
285 358 447 411 triumviros
470 362 567 424 pacta,
601 359 630 408 in
650 357 749 408 urbem
767 355 860 408 rediit.

47 433 122 484 Exin
133 431 239 481 Caesar
254 426 506 494 cupidine-formae
522 425 615 478 aufert
624 427 742 489 marito,
768 426 859 476 ineer-

47 499 300 560 tumaninvitarn3
328 496 398 550 ndw
408 511 557 564 properus,
584 501 630 559 ut,
653 495 859 564 nespatinqui·

49 570 112 621 dem
129 568 166 620 ad
180 565 344 620 enitendum
359 565 440 629 dato,
476 565 628 620 Penatibus
641 567 700 617 suis
735 563 860 617 recidam
891 568 899 582 ·

48 638 203 690 induxerit.
228 634 361 688 ,Nullam
380 633 497 702 posthae
520 635 650 688 subolem
669 581 771 688 edidit:
800 633 860 696 sed,
959 684 968 709 ,

48 707 184 776 sanguini
198 707 317 772 Augusti
349 719 399 772 per
415 705 638 758 commuttionem
652 707 820 773 Agrippinae
831 709 861 757 et

50 777 216 830 Germanici
236 775 356 837 adnexa,
386 789 548 828 communes
566 781 735 844 pronepotes
752 773 859 826 babuit.

49 847 208 900 Sanctitate
227 845 326 896 domus
345 846 467 910 priscum
483 845 518 896 ed
533 859 653 908 morem,
681 843 767 896 comis
782 843 862 896 nitra

48 913 594 1046 totostoto{atlantion
614 918 861 1044 torrento

49 1053 297 1120 benecomposita.
325 1052 421 1106 Funus
431 1056 492 1106 eius
502 1053 651 1115 modicum,
660 1059 861 1105 testaumntum

51 1126 101 1176 diu
111 1125 229 1176 inritum
240 1121 301 1176 furit.
325 1121 439 1177 laudata
448 1127 492 1174 est
501 1137 553 1190 pro
563 1125 664 1174 rostris
673 1139 692 1174 a
701 1124 731 1174 t‘.
742 1123 862 1174 Caesare

52 1198 223 1260 pronepote,
242 1194 291 1259 qui
300 1205 364 1244 mox
374 1207 466 1245 rerum
476 1195 583 1259 potinus
593 1198 645 1246 est

106 1263 142 1313 ll.
160 1265 195 1316 nt
204 1261 343 1325 Tiberius,
361 1261 437 1329 qnod
446 1265 585 1328 supremis
594 1264 622 1313 in
634 1267 751 1314 matrem
764 1261 863 1314 officiis

55 1330 200 1393 deluisset,
220 1330 408 1384 nibilmutata
418 1333 588 1384 amoenitate
597 1335 680 1395 ritae,
697 1330 864 1400 nrcgnitudi·

53 1415 117 1454 nem
131 1400 299 1468 negotiorum
315 1415 365 1466 per
380 1401 492 1454 litteren
506 1404 662 1453 excusarit:
688 1400 864 1465 honoresque

54 1473 209 1524 memoriae
226 1471 331 1523 eiusab
342 1469 449 1523 Senatu
463 1471 542 1537 large
554 1471 696 1532 decretos,
726 1469 804 1536 quasi
814 1481 865 1533 per

54 1541 237 1603 modestiam,
258 1541 401 1603 inminuit,
419 1540 516 1606 paucis
527 1540 676 1591 admodum
686 1541 816 1604 receptis,
836 1542 865 1588 et

56 1610 167 1672 addito,
197 1610 363 1663 necuelertin
380 1608 479 1678 religio
494 1609 697 1660 decerneretur:
726 1608 765 1658 tic
776 1606 865 1674 ipram

57 1678 190 1732 maluisse.
227 1680 293 1745 quin
308 1684 337 1731 et
346 1683 427 1745 parte
443 1677 566 1731 ciusdem
582 1678 717 1744 epistolae
727 1677 867 1743 increpuit

57 1748 195 1801 amicitiae
209 1747 365 1811 muliebres,
393 1748 503 1799 Fufium
515 1749 665 1799 Consulem
679 1747 791 1815 oblique
804 1760 865 1813 per·

57 1820 206 1885 stringens.
241 1817 268 1869 ls
278 1819 370 1884 gratie
379 1818 521 1885 Augustae
532 1817 678 1881 floruerat,
706 1816 866 1884 aptusadli·

59 1888 164 1940 ciendis
175 1886 340 1939 feminarum
351 1888 464 1951 animis3
490 1887 571 1939 dicax
580 1888 664 1951 idem,
684 1895 713 1939 et
723 1888 866 1938 Tiberium

59 1958 167 2009 acerbis
181 1956 290 2009 facetiis
300 1956 423 2008 inridere
434 1956 548 2020 solitus,
576 1973 695 2025 quarum
704 1957 778 2025 apud
787 1970 866 2023 prue-

58 2031 190 2093 potentes
201 2027 228 2077 in
239 2026 353 2093 longum
365 2028 499 2079 memoria
510 2032 562 2077 est.

71 2110 82 2117 ⁴
111 2095 160 2147 lll.
182 2096 312 2149 Ceterum
329 2110 364 2146 ex
381 2110 414 2147 eo
424 2102 575 2163 praerupta
591 2097 648 2147 ianr
662 2101 691 2148 et
704 2108 808 2163 urgens
819 2094 867 2146 do·
958 2102 964 2109 '

60 2166 186 2217 minatio.
206 2180 283 2227 nam,
302 2164 583 2232 ineolumiAugusta,
603 2171 665 2217 erat
674 2165 765 2217 adbuc
774 2163 867 2233 perfu-

61 2237 151 2301 gium3
174 2236 241 2301 quia
249 2235 364 2288 Tiberio
380 2235 650 2303 inveteratumerga
659 2242 780 2287 matrem
790 2234 867 2286 obse·

62 2306 170 2371 quium,
200 2318 295 2371 neque-
303 2302 422 2354 Seianus
437 2304 559 2355 audebat
571 2305 732 2355 auctoritati
743 2304 868 2371 parentis

60 2376 175 2427 anteire.
212 2378 306 2444 tunc,
317 2372 395 2425 relnt
409 2370 496 2443 frenis
512 2373 646 2436 exsoluti,
665 2376 867 2441 proruperunt:

60 2444 214 2510 missaeque
225 2444 253 2493 in
264 2442 444 2511 Agrippinam
455 2457 489 2493 ac
500 2442 641 2494 Neronem
653 2442 779 2505 litterae,
797 2454 868 2509 quas

60 2512 307 2579 pridemadlates,
338 2516 367 2563 et
382 2508 519 2564 cohibitas
534 2512 568 2563 ab
583 2512 720 2578 Augusta,
749 2508 869 2560 credidit
962 2552 972 2561 .

46 2579 167 2651 'vulgun
202 2580 279 2635 haud
295 2582 367 2643 enirn
382 2581 503 2633 multum
518 2586 583 2647 post
598 2586 718 2631 mortem
729 2580 788 2629 eius
800 2576 870 2625 reci-¹

61 2657 220 2706 tetaesunt.
255 2646 469 2713 rerpnsinerant
483 2650 610 2717 quaesita
625 2648 790 2715 asperitate:
817 2638 887 2691 sed*
931 2694 933 2698 ,
