2034 3025
253 147 476 216 nlnboevs
498 149 583 203 CAP.
603 150 646 203 25.
803 152 855 206 319

99 252 185 305 XXV.
206 239 293 305 'Turn
304 252 441 305 Messala:
461 250 596 321 Sequere
609 260 638 305 te
653 256 853 321 praescriptam

48 324 174 386 formam,
192 321 330 375 Materne.
366 323 541 390 nequeenim
552 322 598 378 diu
609 324 855 377 contradicendum

47 400 90 445 est
99 395 182 459 Apro,
193 394 240 460 qui
250 395 377 461 primum,
395 397 427 442 ut
437 393 546 458 opinor,
566 394 685 445 nominis
697 400 862 451 controven

45 465 115 514 siam
131 464 230 525 morit,
257 469 398 529 tamquam
413 476 513 529 parum
527 464 638 529 proprie
654 464 760 531 antiqui
776 478 853 514 roca·

46 537 150 595 rentur,
168 547 237 599 quos
247 534 315 582 satis
329 536 439 583 constat
454 537 520 582 ante
536 536 645 583 eentum
658 548 745 583 annos
757 532 851 585 fuisse.

45 600 114 652 Mihi
126 608 220 653 autem
231 602 265 652 de
276 600 409 651 vocabulo
418 615 512 668 pugna
522 615 577 651 non
589 607 643 653 est:
661 603 718 653 sire
729 601 794 653 illos
805 617 856 669 anfi

45 672 150 738 tiques,
167 672 225 721 sive
246 671 376 733 maiores,
394 672 452 720 sire
468 685 524 738 quo
538 670 596 722 alio
611 670 716 722 mavult
731 667 853 732 nomine;

44 740 177 807 adpellet:
198 739 348 792 dummodo
367 742 395 791 in
414 742 542 791 confesso
562 741 612 803 sit,
640 741 850 793 eminentiorem

44 810 156 861 illorum
173 816 328 876 temporum
344 808 531 877 eloquentiam
548 808 642 861 fuisse.
679 810 720 862 Ne
735 809 777 860 illi
793 811 851 875 qui·

45 881 107 931 dem
117 882 190 947 parti
205 880 340 932 sermonis
356 881 415 931 eius
431 894 556 947 repugno
571 880 625 942 sic,
643 893 697 947 quo
709 881 800 930 minus
812 877 852 929 sa·

44 954 116 1012 tear,
135 950 228 1016 plures
248 949 354 1001 formas
374 948 484 1000 dicendi
498 950 582 1000 etiam
604 948 700 1001 iisdem
723 948 860 1011 saeculis,

44 1020 143 1071 nedum
155 1020 280 1080 dirersis,
296 1018 445 1069 exstitisse.
482 1015 546 1079 Sed,
565 1031 618 1085 quo
631 1018 713 1068 modo
723 1020 796 1071 inter
805 1020 853 1070 At·

43 1091 113 1139 ticos
134 1093 260 1138 oratores
279 1086 849 1152 primaeDemosthenitribuuntunproxi·

43 1172 117 1217 nrum
129 1160 222 1207 autem
236 1154 328 1223 locum
338 1151 487 1216 Aeschines
502 1161 531 1203 et
541 1154 700 1219 Hyperides
712 1162 740 1205 et
750 1156 851 1222 Lysias

42 1233 72 1278 et
84 1226 229 1292 Lycurgus
242 1224 377 1283 obtinent,
396 1225 519 1273 omnium
531 1229 624 1273 autem
636 1238 771 1275 consensu
782 1224 851 1277 haec

42 1303 186 1347 oratorum
202 1298 280 1344 aetas
295 1294 414 1343 maxime
428 1289 577 1359 probatum
596 1292 637 1343 sic
652 1293 724 1359 apud
740 1310 790 1345 nos
806 1296 849 1346 Ci-

43 1379 108 1415 cero
129 1363 240 1431 quidem
262 1367 372 1426 eeteros
385 1362 537 1412 eorundem
555 1368 711 1427 temporum
732 1362 850 1415 disertos

42 1434 208 1493 antecessit,
228 1430 328 1481 Calvus
347 1437 440 1481 autem
460 1436 490 1482 et
508 1430 620 1481 Asinius
641 1438 669 1481 et
692 1431 802 1495 Caesar,
822 1442 851 1483 et

43 1502 156 1554 Coelius
167 1506 195 1553 et
207 1499 311 1550 Brutus
327 1515 378 1551 suo
395 1502 455 1552 iure
467 1503 496 1550 et
506 1500 654 1566 prioribus,
674 1505 702 1552 et
711 1504 850 1569 sequenti-

41 1574 103 1635 bus,
121 1577 338 1637 anteponuntur,
356 1585 408 1621 nee
417 1569 520 1632 refert,
538 1569 614 1636 quod
628 1571 703 1622 inter
717 1585 746 1621 se
756 1572 848 1637 speeie

41 1640 190 1702 differant,
209 1655 269 1692 eum
283 1655 384 1708 genere
395 1641 579 1691 consentiant.
613 1637 779 1690 Adstrictior
790 1641 850 1692 Cal·
880 1669 884 1682 ·

41 1727 101 1774 vus,
119 1711 293 1761 numerosior
313 1710 436 1771 Asinius,
454 1707 625 1774 splendidior
638 1709 756 1772 Caesar,
774 1724 849 1776 anpa-

41 1785 100 1834 rior
110 1780 230 1843 Coelius,
247 1780 359 1846 gravior
370 1777 483 1838 Brutus,
502 1771 691 1828 vehementior
701 1783 730 1829 et
741 1778 850 1844 plenior

41 1858 71 1904 et
80 1851 219 1903 valentior
229 1849 340 1912 Cicer03
360 1859 456 1899 omnes
469 1851 564 1898 tamen
575 1846 692 1900 eandem
702 1849 849 1900 sanitatem

41 1921 220 1990 eloquentiae
233 1917 342 1970 ieruntt
360 1922 405 1981 ut,
423 1917 447 1967 si
464 1917 586 1966 bmnium
603 1917 707 1982 pariter
718 1915 803 1967 libros
819 1918 847 1966 in

41 2006 153 2042 nranum
174 1989 335 2056 sumpseris,
352 1988 433 2049 scias,
451 1987 576 2054 quamvis
595 1986 623 2035 in
639 1985 754 2038 diversis
775 1987 848 2052 inge·

42 2062 104 2122 niis,
123 2075 183 2112 esse
203 2058 342 2126 quandam
362 2057 457 2109 iudicii
471 2072 505 2108 ae
520 2056 673 2108 voluntatis
693 2052 848 2110 similitudi-

42 2143 106 2180 nem
117 2133 146 2179 et
156 2129 357 2194 cognationem.
394 2126 464 2179 Nam
471 2164 480 2190 ‚
498 2126 573 2194 quod
589 2125 704 2177 invicem
715 2141 745 2177 se
756 2125 848 2176 obtre-

41 2202 199 2258 ctaverunt,
217 2199 259 2257 (et
277 2204 425 2262 supersunt
439 2197 533 2264 aliqua
548 2196 672 2262 epistolis
693 2209 789 2246 eorum
809 2195 849 2245 in·

40 2273 126 2330 serta,
145 2281 179 2318 ex
190 2264 288 2332 quibus
298 2270 394 2314 mutua
406 2265 565 2332 malignitas
576 2265 727 2332 detegitur)
738 2279 793 2315 non
805 2271 848 2317 est

41 2342 183 2390 oratorum
195 2335 307 2396 vitium,
325 2333 374 2384 sed
386 2332 537 2385 hominum.
561 2335 644 2388 ·Nam
656 2339 684 2384 et
695 2334 807 2385 Calvum
820 2341 848 2386 et

39 2407 163 2462 Asinium
175 2409 204 2456 et
215 2403 471 2470 ipsunrcieeronenr
482 2404 566 2455 credo
576 2405 674 2455 solitos
686 2409 714 2455 et
723 2404 846 2456 inridere

39 2488 69 2531 et
80 2477 167 2528 livere
178 2481 208 2526 et
217 2473 317 2526 ceteris
332 2471 468 2524 humanae
482 2475 653 2524 infirmitatis
667 2473 740 2528 vitiis
751 2474 844 2526 adlici:

38 2547 131 2601 solum
142 2549 218 2599 inter
227 2542 277 2596 bos
287 2542 529 2594 arbitrorllrutum
541 2559 595 2594 non
607 2540 846 2608 malignitate,nlec

38 2617 152 2677 invidia,
169 2613 217 2666 sed
236 2612 400 2678 simpliciter
415 2618 444 2663 et
462 2614 591 2678 ingenue,
609 2611 741 2662 iudicium
761 2612 844 2661 animi

38 2689 82 2740 sui
93 2687 238 2739 detexisse.
275 2698 311 2734 an
321 2681 457 2734 invideret
469 2681 611 2745 Ciceroni,
638 2678 761 2749 quintilli
773 2679 845 2731 ride·
