2034 3025
45 82 457 177 ..manuascae-³⁷.
474 84 635 155 [uuna
652 84 795 155 uun]
816 84 864 141 uu

52 190 169 263 giuiim
178 179 235 242 sois
244 198 402 254 noscuntur,
410 205 478 255 quas
486 207 521 243 sss
530 188 618 242 uictor
627 188 732 258 quidm
742 190 866 257 siuksit,

55 262 97 315 ss'c
107 270 219 328 portem
231 259 376 311 motoria
387 260 461 326 apud
472 258 617 326 scriptores
632 257 769 313 retium
787 275 865 317 sssss

56 329 153 397 cuium
165 330 245 382 decus
251 328 401 397 posteritas
411 328 549 395 rependit:
565 344 613 382 nec
623 329 745 392 deorum,
758 328 865 383 sidan-

55 400 135 453 notio
143 398 261 466 ingruit,
274 398 321 464 qui
329 415 383 451 nos
391 398 467 449 modo
480 394 571 450 Cassii
579 405 607 450 et
616 394 712 461 Bruti,
725 398 864 451 sedetiam

55 469 109 525 ussi
118 466 297 520 meminerint.
333 469 471 534 Egressus
481 467 546 519 dein
557 466 670 530 Senatu,
684 468 769 519 vitam
781 469 865 521 absti-

55 538 259 595 nentiatinirit
296 537 385 588 libros
393 551 446 603 per
455 536 566 589 Aediles
575 536 741 589 cremandos
751 552 865 593 census·

49 606 212 669 rePatres3
230 606 280 657 sed
298 611 468 667 manserunt,
487 605 620 657 occultati
640 612 670 659 et
689 606 764 659 editi.
800 608 864 671 Quo

55 680 146 745 magis
156 676 314 729 socordiam
326 690 423 726 eorum
432 675 555 728 inridere
566 674 648 737 libet,
666 677 712 743 qui
723 679 865 743 praesenti

55 746 183 814 potentia
193 744 311 796 crodunt
320 744 460 812 exstingui
469 758 550 811 posse
560 746 643 797 etiam
654 748 796 812 sequentis
802 748 865 799 aeri

55 816 231 867 memoriam.
267 813 337 865 Nam
357 819 468 875 contra,
489 815 595 881 punitis
614 814 747 881 ingeniis,
771 816 866 883 gliscit

54 881 225 936 eustoritas:
245 898 335 951 neque
351 882 428 934 aliud
443 885 551 935 externi
567 884 671 951 Reges,
693 890 743 935 sut
757 887 804 953 qui
820 900 865 937 es·

55 955 120 1020 dem
133 953 253 1004 saevitia
267 956 310 1003 usi
326 957 405 1015 sunt,
425 952 478 1003 uisi
492 952 611 1005 dedecus
625 954 691 1016 sibi,
708 959 793 1022 atque
807 954 865 1007 illis

54 1024 177 1093 gloriam
188 1036 331 1088 peperere.

109 1091 238 1143 xxxvl.
256 1093 386 1145 Ceterum
398 1091 574 1159 postulandis
585 1094 640 1145 reis
649 1098 707 1145 tam
717 1092 865 1147 continuus

56 1176 150 1212 annus
166 1158 233 1223 fuit,
252 1167 283 1211 ut
299 1160 433 1214 feriarum
443 1160 607 1215 Latinarum
624 1164 735 1225 diebus,
753 1160 866 1217 Praete·

57 1238 135 1282 ctum
145 1231 238 1292 urbis,
255 1231 396 1293 Drusum,
414 1232 576 1297 auspicandi
589 1234 680 1299 gratis
691 1232 815 1285 tribunal
823 1235 865 1284 in·

57 1314 199 1367 gressum,
225 1294 327 1351 adierit
341 1300 508 1367 calpurnius
522 1299 667 1353 Salvianus
681 1303 710 1353 in
725 1301 790 1355 Sex.
804 1304 866 1355 Ma·

56 1371 143 1421 rium.
162 1368 236 1435 quod
249 1370 396 1422 acaesare
406 1370 500 1437 pulum
516 1371 695 1436 increpitum,
713 1384 867 1423 caussan-

55 1439 114 1491 silii
125 1436 256 1489 Salviano
267 1438 330 1490 suit.
342 1472 346 1477 ‚
358 1440 475 1492 Obiecta
484 1439 596 1505 publice
606 1439 752 1505 cyzicenis
760 1438 868 1493 mestis

51 1506 285 1562 caerimoniarum
294 1507 333 1561 D.
344 1508 479 1578 Augusti,
498 1507 600 1559 additis
613 1506 760 1562 sinontiue
775 1506 869 1561 crissi·

55 1578 136 1632 nous
149 1577 292 1630 adversum
308 1579 379 1632 cives
393 1578 539 1630 Romanos.
577 1582 606 1628 et
618 1578 738 1628 amisere
755 1577 868 1630 liberta·

56 1655 129 1711 tem,
150 1662 235 1714 quam
245 1649 321 1699 bello
331 1647 505 1702 Mithridatis
516 1651 677 1698 meruerant
687 1645 869 1712 circumsessi,

57 1733 109 1770 nec
124 1715 217 1768 minus
232 1733 284 1768 sua
298 1718 468 1779 constantia,
494 1731 579 1784 quam
593 1717 732 1782 praesidio
746 1717 869 1780 Luculli,

58 1787 141 1854 pulso
152 1787 236 1853 Rege.
255 1787 435 1840 strenuius
445 1789 553 1852 Capito,
564 1788 610 1854 qui
617 1785 867 1840 Proconsultlsiom

58 1863 214 1915 curaverat,
233 1856 395 1918 absolvitur,
410 1861 573 1922 comperto,
586 1858 657 1908 liuta
666 1857 694 1906 in
705 1872 767 1910 eum
778 1857 869 1909 crimi-

60 1940 157 1992 nuper
168 1926 281 1978 Vibium
291 1924 436 1991 Serenum.
459 1940 548 1992 neque
559 1929 652 1976 tamen
662 1925 690 1978 id
702 1923 809 1979 Sereno
819 1941 869 1979 no·

57 2009 112 2047 xao
128 1993 198 2058 suit;
227 2010 309 2062 quem
324 1995 419 2047 odium
433 1994 572 2062 publicum
588 1995 722 2058 tutiorem
738 1995 869 2051 iaciebat.

59 2080 135 2125 nam,
145 2066 250 2132 utquis
261 2064 415 2116 districtior
425 2063 579 2125 aoousbtor,
590 2064 665 2130 velut
674 2071 869 2119 sacrosanctus
949 2085 955 2096 ·

52 2130 134 2193 {erati
152 2133 240 2194 lenes,
256 2134 404 2200 ignobiles,
422 2135 519 2200 poenis
530 2131 739 2188 adliciebantur.

111 2199 261 2255 XXXVII.
289 2203 343 2254 Per
361 2203 436 2271 idem
455 2208 565 2268 tempos
584 2203 722 2268 Hispanis
740 2205 870 2270 ulterior,

59 2271 151 2322 missis
166 2272 201 2323 ud
215 2269 347 2330 Senatum
363 2272 471 2339 legatis,
489 2273 593 2334 orarit,
613 2280 645 2322 ut
656 2277 775 2343 exemplo
786 2275 869 2328 Asius

59 2340 202 2393 delubrum
220 2338 328 2394 Tiberio
342 2340 478 2408 matrique
492 2340 552 2392 sius
566 2349 725 2395 exstrueret.
759 2358 870 2413 quaoc·

59 2411 293 2472 casioueCaesar,
302 2411 411 2463 ualidus
420 2409 528 2477 alioqui
540 2411 871 2475 spernendisbonoribus,

59 2484 89 2530 et
96 2479 323 2546 respondendum
334 2486 413 2532 ratus
421 2481 465 2540 iis,
485 2493 604 2547 quorum
616 2495 727 2536 rumore
736 2483 872 2550 argueba-

59 2554 119 2610 tur,
136 2545 167 2602 in
182 2547 354 2602 orubitionem
387 2548 489 2611 exisse,
507 2546 699 2602 huiuscemodi
714 2553 872 2602 orationem

59 2617 161 2736 ²⁰{i'it'
198 2615 277 2682 Scio,
294 2618 331 2671 P.
370 2617 576 2671 ‚constantium
595 2631 681 2734 moelem
701 2635 719 2670 s
735 2616 873 2690 plerisque

118 2689 252 2738 Aci'l‘vfll.
654 2711 664 2732 s
