2034 3025
156 126 206 181 156
240 122 543 177 nrsromnavn
572 122 734 193 [naen.
754 123 898 193 n.c.70.]

155 220 330 276 GCGCXXV.
341 236 479 271 annerum
489 222 596 287 spatio,
628 222 660 271 1..
671 220 818 287 Scipione,
848 223 963 277 C.Nor·
1014 260 1015 267 κ

44 312 51 324 ·
153 294 228 347 bano
243 305 328 343 coss.
339 289 515 357 flagraverat
552 291 652 341 Caram
666 291 758 341 victor
775 288 853 341 Sulla
869 308 965 347 susce·

154 365 212 431 pit,
241 375 333 428 neque
352 365 449 411 tamen
468 358 619 411 dedicavit:
648 358 701 410 hoc
716 359 806 412 solum
827 359 965 415 felicitati

154 434 216 483 eius
227 436 368 498 negatum.
404 428 515 481 Lutatii
531 428 624 479 Catuli
639 442 758 491 nomen,
785 431 865 484 inter
880 436 964 483 tanta

154 502 306 553 Caesarum
318 513 413 566 opera,
430 514 520 565 usque
531 497 566 549 ad
576 498 724 551 Vitellium
734 499 846 549 mansit.

207 568 398 624 Lxxluaena
414 572 483 618 tuuc
499 566 585 618 aedes
602 568 788 618 cremabatur.
827 566 886 622 Sed
902 571 964 636 plus

173 639 267 690 aroris
278 638 412 699 obsessis,
423 650 507 703 quam
518 636 714 688 obsessoribus
725 636 834 687 intulit.
849 638 964 705 Quippe

154 652 322 760 ‘Vitellianus
341 707 439 769 miles,
465 720 557 773 neque
571 711 649 767 astu,
677 720 768 771 neque
789 710 963 769 constantia,

153 778 232 829 inter
246 774 332 827 dubia
346 776 500 842 indigebat.
537 776 580 827 Ex
595 774 708 827 diverso
723 774 828 841 trepidi
843 777 963 839 milites,

153 845 221 897 Dux
228 847 328 912 segnis
339 850 369 897 et
377 845 464 895 veluti
475 849 573 911 captus
584 845 685 906 animi,
704 860 761 895 non
772 844 886 909 lingua,
906 858 961 897 non

154 915 271 966 auribus
282 919 456 981 competere=
475 928 567 981 neque
578 914 678 964 alienis
690 912 817 965 consiliis
828 916 902 981 regi,
918 930 963 966 ne·

51 1043 55 1054 .
155 984 210 1052 qu'e
221 997 272 1033 sua
282 982 430 1049 expedire:
456 980 902 1034 bucillucelamoribusnostium
913 985 964 1035 cir·

154 1053 279 1121 cumagi:
298 1068 371 1120 quae
380 1053 518 1115 iusserat,
540 1057 654 1115 vetare,
672 1067 744 1119 quae
753 1056 901 1115 vetuerat,
925 1055 963 1103 iu·

154 1122 232 1175 bere.
268 1123 350 1184 Mox,
368 1123 442 1189 qued
457 1124 486 1172 in
497 1122 616 1189 perditis
631 1121 715 1173 rebus
727 1121 842 1184 accidit,
863 1138 963 1174 omnes

154 1192 329 1261 praecipere,
348 1205 431 1243 nemo
443 1192 570 1259 exsequi.
605 1195 767 1258 postremo,
785 1191 908 1243 abiectis
919 1206 963 1243 ar·
1008 1214 1010 1221 v

154 1263 222 1324 niis,
240 1259 333 1327 fugam
344 1265 375 1311 et
385 1259 501 1311 fallendi
512 1264 589 1311 artes
601 1261 882 1326 circumspectabant.
920 1263 963 1313 ln-

76 1364 87 1389 ,-
155 1337 288 1398 rumpunt
301 1330 446 1383 Vitelliani
457 1335 487 1380 et
497 1332 757 1405 cunctasanguine,
777 1329 866 1394 ferro,
886 1330 965 1383 ilam-

154 1402 262 1469 misq'uo
276 1402 404 1451 miscent.
440 1399 526 1451 Pauci
545 1399 708 1453 militarium
719 1400 858 1463 virorum,
885 1400 965 1451 inter
1014 1404 1015 1409 ’

140 1486 225 1540 .quos
236 1472 356 1522 maxime
367 1466 506 1536 insignes,
530 1465 679 1521 Corrrelius
691 1469 845 1542 Martialis,
871 1470 967 1523 demi·

103 1556 106 1566 ·
154 1542 210 1593 lius
220 1540 363 1601 Pacensis,
383 1540 531 1605 Casperius
542 1538 643 1606 Niger,
664 1538 892 1601 DidiusScaera,
915 1557 968 1608 pu-

84 1666 92 1673 „
154 1611 320 1679 gnamausi,
339 1610 553 1660 obtruncantur.
589 1607 714 1660 Flavium
725 1607 867 1671 Sabinum,
886 1611 968 1662 iner-
1013 1605 1014 1696 l

156 1695 229 1731 mem
239 1677 440 1745 neque¹fugam
455 1683 647 1745 coeptantem,
676 1679 903 1742 circumsistunt,
939 1685 970 1731 et
1012 1723 1013 1732 ,

113 1805 119 1825 1
156 1749 316 1812 Quinctium
328 1747 468 1811 Atticum,
492 1747 666 1811 Consulem,
692 1749 792 1799 umbra
802 1745 972 1800 honorisct

156 1822 266 1870 suamet
275 1817 401 1868 vanitate
411 1821 612 1879 monstratum,
628 1817 715 1885 =quod
733 1817 825 1868 edicta
834 1818 865 1868 in
876 1832 972 1885 popu-

155 1889 211 1938 lum
218 1924 226 1950 ,
245 1902 298 1952 pro
309 1886 484 1952 Vespasiano
495 1885 658 1953 magnifica,
676 1889 815 1954 probrosa
826 1887 971 1939 adversus

156 1956 316 2016 Vitellium,
339 1956 455 2007 iecerat.
492 1957 586 2006 Ceteri
604 1973 656 2022 per
665 1958 757 2006 varios
768 1971 849 2007 casus
859 1957 972 2024 elapsi:

156 2025 268 2093 quidam
283 2026 380 2076 servili
393 2025 505 2085 habitu,
533 2024 581 2074 alii
596 2025 653 2077 side
669 2027 815 2077 clientium
825 2028 973 2091 contecti,

157 2100 187 2147 et
196 2096 272 2145 inter
282 2095 406 2146 sarcinas
417 2093 514 2145 abditi.
550 2093 652 2158 Fuere,
668 2097 723 2162 qui,
744 2099 863 2160 excepto
874 2093 974 2147 Vitel-
1010 2129 1011 2160 ,

154 2166 295 2216 lianorum
305 2165 400 2230 signo,
419 2176 472 2229 quo
483 2163 560 2214 inter
570 2178 601 2215 so
612 2165 811 2225 noscebantur,
827 2163 909 2216 ultro
923 2181 973 2217 ro·

155 2235 283 2354 pitantes
294 2231 549 2298 respondentesve,
578 2233 723 2285 audaciam
732 2249 783 2301 pro
793 2234 910 2286 latebra
921 2232 975 2286 ha·
1010 2259 1011 2343 p

175 2308 265 2354 erent.

208 2368 330 2420 LXXIV.
349 2368 538 2430 Domitianus,
556 2371 648 2436 prima
657 2371 821 2438 inruptione
831 2370 911 2439 apud
923 2387 975 2423 ae·

155 2439 263 2488 dituum
281 2436 451 2497 occultatus,
479 2437 609 2488 sollertia
625 2440 736 2503 liberti«,
763 2442 840 2492 lineo
854 2444 976 2494 amictu
1009 2473 1010 2488 .

154 2506 255 2556 turbae
273 2504 470 2553 sacricolarum
489 2505 864 2576 inmixtusignoratusque,
889 2512 975 2580 apud
1009 2505 1010 2559 l

155 2572 317 2634 Cornelium
329 2570 466 2633 Primum,
488 2578 636 2636 paternum
648 2577 796 2639 clientem,
815 2578 902 2629 iuxta
913 2581 975 2632 Ve-

154 2638 272 2702 labrum,
290 2639 413 2690 delituit.
434 2641 475 2692 Ac
483 2643 613 2706 potiente
623 2658 717 2696 rerum
728 2651 820 2714 patre,
837 2646 974 2702 disiecto
