2034 3025
135 113 232 170 mun
251 111 388 166 Annio.
406 112 507 166 vrrs
527 113 610 166 cnr.
628 114 746 168 11-13.
784 98 838 170 aas

63 222 214 286 accepimus
239 233 304 269 mox
314 219 432 284 segnitia
441 233 502 268 curn
515 219 709 280 otiorintravin
735 222 838 273 amissa

62 291 147 341 virtute
155 287 254 354 pariter
263 302 296 338 ac
305 284 553 353 libertate.etqnod
562 286 760 338 Britannorum
771 287 838 342 olim

14 403 21 424 ,
63 358 232 410 victiserenit:
252 356 337 406 eateri
349 360 473 417 manent,
490 355 587 421 quales
597 355 803 408 Gallifuerunt.

106 425 155 478 llll.
167 426 202 480 ln
214 424 306 492 pedite
316 425 414 475 robur:
432 423 566 491 quaedam
577 427 705 477 nationes
715 430 745 476 et
754 439 847 478 curru·
906 419 910 426 ’

61 494 222 561 proeliantur.
252 491 394 544 honestior
404 495 514 560 auriga,
532 493 647 544 clientes
655 490 841 560 propugnant.

50 563 120 615 -olim
129 563 242 629 Regibus
252 561 402 628 parebant,
421 577 494 612 nunc
504 575 554 628 per
564 561 704 630 Principes
714 562 841 614 factioni-

61 633 104 683 bus
113 636 138 682 et
147 631 241 682 studiis
251 628 407 680 trahuntur.
435 645 488 681 nec
501 630 578 682 aliud
587 631 720 684 aduersus
730 631 841 681 validis·

58 701 132 750 simas
144 695 237 766 gentes
251 714 300 765 pru
315 700 395 756 nobis
409 699 518 762 utilius,
546 715 627 767 quam
642 699 716 768 quod
730 700 757 749 in
768 714 841 751 com·

58 768 358 819 munenonconsulunt,
393 769 490 832 Rarus
500 768 605 820 duabus
616 770 842 841 tribusve.civlta·

57 837 124 887 tibus
133 836 166 888 ad
176 837 389 904 propulsandum
401 848 548 890 commune
562 838 715 905 periculum
726 851 842 905 conven-

56 911 106 955 tus.
132 909 180 968 ita,
199 906 263 957 dum
280 907 381 974 singuli
396 911 534 973 pugnant,
552 909 673 959 universi
688 909 843 957 uincuntur.

56 973 160 1024 coelun
171 977 273 1026 crebris
283 977 415 1026 imbribus
426 989 458 1025 ac
471 974 580 1025 nebulis
590 977 714 1027 landum:
736 977 844 1041 asperi-

53 1050 95 1093 tas
104 1042 234 1110 frigorum
246 1045 331 1094 abest.
359 1044 474 1111 Dierurn
485 1044 577 1107 spatia
586 1043 661 1093 ultra
672 1045 760 1093 nostri
771 1044 844 1093 orbis
901 1052 908 1061 ’

53 1125 211 1178 mensuram,
230 1117 259 1162 et
268 1125 324 1160 nex
335 1108 450 1162 claruet
461 1113 587 1160 extrema
596 1111 755 1162 Britanniae
766 1116 845 1176 parte

53 1179 151 1241 brevis,
169 1183 200 1229 ut
210 1177 292 1230 linem
303 1185 385 1244 atque
397 1179 506 1229 initium
519 1178 589 1230 lucis
600 1181 701 1247 exiguo
712 1179 871 1247 discrimi-p.

51 1263 85 1300 ne
95 1247 269 1300 internoscas.
308 1246 721 1314 Quadribubernonoffieiant,
743 1246 846 1315 nepteo·

47 1325 205 1383 pernoctem
217 1315 442 1386 Sulirfulgarcm,
455 1319 515 1368 'n'ec
526 1317 645 1368 occidere
654 1325 681 1367 et
691 1331 846 1433 exsurgere,

45 1383 95 1444 sed
112 1384 228 1436 transire
249 1385 404 1440 adfirmant.
440 1385 554 1436 Scilicet
572 1391 697 1437 extrema
716 1389 745 1435 et
764 1397 846 1450 pana

49 1461 198 1515 terrarum,
222 1451 319 1503 humili
328 1453 440 1515 umbra,
463 1452 790 1523 nonerigunttenebras‚
807 1453 847 1502 in-

49 1521 146 1587 iraque
156 1520 306 1590 coelumset
315 1522 406 1576 sidera
416 1537 471 1575 nox
483 1522 565 1581 cadit.
601 1521 713 1585 Solum,
736 1521 866 1588 praeter'

49 1589 139 1643 oleam
156 1591 296 1656 vitemque
314 1596 345 1642 et
364 1596 457 1651 catera
479 1592 657 1643 calidioribus
677 1594 760 1643 terris
779 1592 847 1641 oriri

42 1664 137 1720 suma,
158 1660 265 1725 patiens
276 1659 397 1726 frugum,
417 1660 574 1713 fecundum.
600 1660 848 1721 tardemitrscunt,

46 1730 102 1780 cito
113 1728 288 1795 proveniunt.
310 1728 405 1779 eadam
415 1731 562 1797 utriusque
573 1730 614 1781 rei
625 1731 729 1792 caussa,
743 1729 849 1779 multus
905 1759 908 1762 -

44 1798 146 1849 humor
157 1802 296 1847 terrarum
308 1797 442 1865 ceolique.
463 1836 467 1845 .
478 1798 547 1849 Fert
555 1799 701 1863 Britannia
710 1812 807 1849 aurum
820 1802 850 1847 ct

43 1871 193 1933 argentum
205 1871 234 1917 et
243 1866 299 1928 alia
309 1866 436 1929 metalla,
460 1869 732 1950 pretiprnrictoriae.
750 1868 850 1935 'gignit

41 1942 72 1988 ct
84 1936 215 1987 Oceanus
224 1938 387 2011 margarita,
397 1936 446 1987 sed
457 1923 632 2003 sublusbbbc
642 1937 763 1989 liuentia.
780 1936 849 1997 Qui·
929 1931 938 1974 ’ν

40 2007 107 2059 dam
130 2011 222 2055 artem
239 2007 335 2057 abesse
353 2006 512 2073 legentibus
526 2008 707 2057 arbitrantur.
743 2007 848 2056 namin

33 2074 131 2133 rubro
144 2076 217 2127 mari
226 2076 288 2125 viva
299 2089 331 2125 ac
341 2076 476 2141 spirantia
487 2077 563 2126 saxis
573 2075 671 2137 aselli,
699 2077 727 2125 in
738 2074 850 2125 Britan-

35 2142 102 2205 nia,
117 2148 214 2209 :prnut
224 2144 339 2208 expulsa
350 2146 425 2205 sint,¹
439 2144 551 2212 conligi.
579 2160 632 2213 ego
642 2145 752 2196 facilius
762 2142 849 2194 credi-

34 2214 146 2275 derim,
168 2216 298 2263 naturane
309 2214 464 2280 margaritis
475 2214 581 2277 deesse,
603 2230 685 2281 quam
697 2210 777 2264 nobis
786 2224 849 2261 ara·
993 2233 998 2240 ⁴

32 2287 180 2417 Htlgi'iil„
193 2350 249 2416 lpsi
258 2349 387 2401 Britanni
403 2307 541 2403 delectum
556 2313 708 2403 attributa
722 2347 850 2400 atiniae«
885 2361 886 2364 ¹

27 2428 82 2475 cta
94 2420 216 2485 lnrperii
233 2433 348 2469 munera
362 2422 478 2487 impigre
495 2422 613 2483 obeunt,
643 2423 665 2470 si
676 2418 794 2483 iniuriae
805 2417 840 2468 ab

23 2494 106 2543 sint:
141 2487 196 2539 has
210 2503 294 2556 aegre
309 2488 443 2552 tolerant,
469 2490 650 2559 iamdnniiti,
678 2494 710 2539 nt
724 2491 849 2553 parcant,

18 2557 226 2619 nondum‚ut
237 2558 367 2609 serviant.
402 2560 737 2626 lgiturprimusnmnium
753 2557 850 2605 Roma·
937 2569 939 2576 ’

18 2644 142 2683 norum
155 2628 193 2679 D.
204 2627 292 2679 lulius
303 2642 364 2688 eum
375 2630 499 2681 exercitu
515 2629 685 2679 Britanniam
701 2629 850 2695 ingressus,
902 2692 908 2698 ι

63 2694 209 2749 Tacrrvs
222 2698 256 2748 ll.
457 2700 458 2709 ’
629 2694 648 2747 S
