2034 3025
160 104 213 194 iao
280 125 505 196 anuinium
523 124 678 210 [anea.
697 139 836 208 acan]
863 184 865 189 ,
919 199 929 205 ‚

202 257 207 264 ‘
221 249 307 302 XXV.
330 251 358 301 C.
370 252 492 302 Antistio
506 251 545 302 M.
558 250 648 302 Suilio
659 265 731 301 coss.
743 245 859 316 adoptio
869 250 899 300 in
910 250 974 301 Do·

136 322 139 325 ’
162 319 287 384 mitium,
306 321 475 370 auctoritate
491 319 644 382 Pallantis,
663 318 826 372 festinatur.
855 321 903 386 qui
921 319 971 371 ob·

162 389 279 458 strictus
298 389 482 456 Agrippinae,
505 393 539 439 ut
557 389 724 440 conciliator
743 390 972 456 nuptiarun,et

162 471 229 514 mox
246 459 423 529 stuproeius
446 458 599 524 inligatus,
625 457 792 509 stimulabat
810 457 970 522 Claudium,

36 586 47 602 „
119 559 121 562 -
162 521 513 594 contuleretBeipudlicoe:
530 516 692 578 Britannici
707 525 859 593 pueritiam
872 525 970 579 robore

162 593 350 654 circumdaret.
387 593 434 645 stc
444 595 519 662 opttd
526 592 564 646 D.
576 593 739 664 Augustam,
751 601 914 664 petamquom
923 613 970 648 ne·

157 662 271 734 potitus
280 661 433 725 subnixam,
443 662 562 732 viguisse
568 664 726 736 privignos:
736 682 754 716 a
768 663 877 718 Tiberio
886 680 971 732 super

73 731 74 737 ’
158 731 303 802 propriam
313 731 425 812 stirpem
439 733 629 786 Germanicum
639 735 831 800 adsumptum..
855 733 890 784 Se
906 751 971 808 puo-

162 816 213 870 pue
227 800 382 870 accingeret
395 815 501 867 ottvene,
515 811 625 870 portem
645 819 774 855 rarorum
791 803 970 870 capessituro.

161 872 214 926 His
231 871 351 934 evictus,
367 871 482 922 biennio
498 875 634 924 maiorem
651 878 720 924 natu
735 873 893 924 Domitium
910 875 969 925 tilio

118 980 123 991 .
163 940 325 1006 anteponit,
343 938 534 1008 habitajapud
549 940 685 994 Senatum
705 943 837 994 oratione
852 943 880 992 in
902 958 969 994 eun·

163 1008 246 1072 dem,
259 1023 342 1077 quem
358 1025 375 1060 a
390 1010 494 1062 liberto
511 1017 672 1076 acceperat,
689 1011 812 1063 modum.
847 1011 971 1063 Adnota

161 1077 232 1130 bant
241 1079 336 1145 periti,
354 1079 459 1130 nullam
471 1079 593 1131 antehac
602 1081 785 1147 adoptionem
795 1081 971 1148 interpatri·

162 1147 221 1219 aios
233 1147 364 1200 Claudios
375 1149 510 1216 reperiri,
527 1165 632 1218 eosque
643 1150 678 1201 ab
688 1151 755 1203 Atto
767 1149 870 1202 Clauso
881 1150 970 1200 conti»

161 1231 233 1269 nuos
248 1215 400 1268 duravisse.
586 1267 589 1270 ,
718 1277 727 1288 ἱ

198 1343 203 1360 ι
223 1283 320 1336 XXVl.
340 1285 472 1338 Ceterum
488 1292 570 1340 actae
583 1287 709 1356 Principi
730 1294 841 1356 grates,
861 1287 970 1356 quaesi·

134 1423 135 1426 Ἴ
155 1355 238 1422 vtiore
252 1355 282 1404 in
292 1356 450 1408 Domitium
465 1356 641 1410 adulatione:
660 1364 817 1426 rogataque
833 1359 899 1420 lox,
914 1371 971 1425 qua

122 1459 123 1466 κ
162 1423 338 1497 infantilium
350 1423 491 1478 Claudiam
503 1434 531 1478 et
538 1443 632 1481 nomen
643 1425 671 1479 N
672 1427 759 1480 cronio
770 1427 910 1481 transiret.
923 1441 974 1477 au..

163 1500 248 1564 getur
265 1499 294 1547 et
303 1496 459 1563 Agrippina
473 1503 662 1565 cognomento
673 1497 824 1569 Augustae.
861 1497 971 1560 Quibus

163 1566 294 1632 patratis,
304 1581 386 1617 nemo
394 1566 464 1620 adeo
475 1582 577 1633 expers
588 1570 799 1621 misericordiae
810 1567 874 1629 fuit,
885 1581 970 1636 quem

163 1649 221 1687 non
236 1634 396 1687 Britannici
413 1635 545 1688 fortunae
560 1652 675 1689 moeror
690 1638 831 1688 adficeret.
860 1636 971 1687 dosola-

162 1709 210 1755 tus
221 1703 367 1771 paullatim
379 1706 464 1755 etiam
476 1706 625 1756 servilibus
635 1706 817 1764 ministeriis,
833 1706 973 1771 intemps

164 1773 239 1825 stiva
254 1787 391 1825 novercae
411 1771 503 1824 officia
517 1775 547 1823 in
561 1773 685 1824 ludibria
703 1774 847 1834 uertebat,
865 1773 974 1824 intelli·

164 1854 235 1907 gens
247 1840 320 1893 falsi.
340 1857 431 1909 neque
443 1844 518 1893 enim
529 1856 646 1907 segnem
657 1844 684 1893 ei
694 1840 782 1907 fuisso
793 1840 917 1891 indolem
930 1842 973 1895 so·

163 1915 244 1977 runt:
264 1909 323 1961 siv'e
334 1926 440 1974 verum,
455 1926 504 1963 seu
516 1910 649 1976 periculis
660 1910 886 1973 commendatus,
900 1914 972 1964 reti„

164 1978 412 2031 nuittamamsine
424 1980 627 2046 experimento.
980 2026 986 2033 ,

225 2047 339 2101 XXVll.
376 2046 430 2099 Sed
448 2048 617 2117 ¹agrippina,
635 2065 690 2119 quo
707 2049 765 2101 vim
784 2064 863 2103 suam
882 2051 971 2103 sociis

165 2130 277 2185 quoque
288 2118 449 2169 nationibus
461 2122 630 2184 ostentaret,
639 2121 670 2170 in
678 2119 812 2186 oppidum
818 2120 970 2184 Vbiorum,

163 2188 194 2237 in
209 2202 265 2255 quo
276 2188 378 2254 'genita
394 2194 467 2250 erat,
486 2193 636 2241 veteranos
655 2190 852 2258 coloniamque
869 2187 970 2241 deduci

163 2256 303 2324 inpetrat3
323 2258 367 2309 cui
377 2257 611 2310 nomeninditum
624 2274 659 2311 ex
668 2260 804 2311 voeabula
815 2260 912 2327 ipsius.
930 2264 971 2311 Ac

163 2324 239 2376 forte
251 2325 405 2391 acciderat,
423 2333 456 2379 ut
472 2342 534 2380 eam
548 2334 677 2397 gentem,
696 2327 795 2382 Rheno
810 2335 971 2395 transgres-

163 2408 234 2457 sam,
245 2400 320 2447 'avus
331 2397 456 2465 Agrippa
466 2398 495 2448 in
505 2398 588 2449 tidem
599 2400 749 2467 acciperet.
784 2398 888 2451 lisdem
899 2404 969 2449 tem·

163 2464 281 2531 poribus
296 2464 325 2514 in
341 2468 487 2534 superiore
500 2466 653 2530 Germania
662 2468 835 2537 trepidatum
846 2466 968 2518 aduentu

165 2533 326 2597 Catturum,
344 2536 495 2589 latrocinia
513 2539 693 2606 agitantium.
727 2538 798 2606 lade·
806 2536 839 2589 L.
851 2536 969 2603 Pompo·

163 2602 241 2665 nius,
258 2603 400 2671 laegatus,
419 2608 574 2660 auxiliares
591 2608 756 2675 Vangionas
775 2622 808 2659 ac
824 2604 970 2669 Nemetas,

163 2670 261 2743 addito
274 2676 370 2744 equite
382 2676 480 2742 alerio,
498 2678 622 2743 monuit,
640 2687 673 2732 ot
682 2677 821 2740 anteirent
825 2676 970 2744 populato·
