2034 3025
110 133 112 137 ·
142 107 193 194 res
266 109 491 219 nuuiinrrni
515 108 670 209 [aava
690 137 829 207 scae]
902 110 932 209 J

142 263 205 300 aum
216 248 307 299 omnia
321 243 377 298 alia
387 239 584 313 conquirerent
597 245 838 313 intenderentque.
871 245 951 304 Mihi

141 316 269 370 tradendi
281 316 468 383 arguendique
478 316 599 365 rumoris
609 329 706 365 caussa
717 312 782 377 fuit,
803 319 846 376 ut,
865 314 942 365 claro

141 386 193 437 sub
204 385 340 451 exemplo,
356 384 441 435 falsas
452 384 612 435 auditiones
619 383 796 449 depellerem,
807 388 943 448 peterem·

141 450 197 574 ffire*
206 454 240 514 ab
252 455 293 516 iis,
314 468 432 520 quorum
443 454 470 502 in
479 468 577 503 manus
588 468 655 503 cura
665 454 761 502 nostra
771 454 887 513 venerit,
907 466 942 503 ne

162 522 287 589 'vulgata
306 528 390 589 atque
408 521 595 583 incredibilia,
614 520 694 572 aride
714 525 841 585 accepta,
861 520 943 585 veris,

140 590 601 658 neque‘inmiraculum-corruptis,
620 588 813 641 antehabeant.
858 614 861 618 ,

194 658 256 710 Xll.
276 659 417 720 Ceterum,
443 658 575 709 laudante
589 658 675 709 lilium
689 672 739 723 pro
754 657 852 707 rostris
863 656 943 708 Tibe·

55 777 57 781 ,
140 729 194 789 rio,
212 726 329 777 Senatus
339 727 511 793 populusque
524 726 645 777 habitum
655 741 687 777 ac
697 713 778 777 voces
789 724 944 787 dolentum,

142 795 321 862 desolatione
331 798 429 862 magis,
449 811 531 863 quani
542 795 639 857 libens,
660 794 802 855 induebat,
820 794 944 852 darnum-

142 863 543 932 quchrmanicirerircscere,
553 864 653 934 occulti
666 864 849 915 laetabantur.
861 856 943 926 Quod

141 933 306 998 principium
323 931 438 996 favoris,
459 938 488 983 et
502 939 592 985 mater
601 934 762 999 Agrippina,
782 946 857 999 spem
869 932 943 995 male

141 1008 248 1067 tegens,
268 1001 631 1067 perniciemadceleravere.
666 1002 737 1052 Nam
748 1000 875 1062 Seianus,
895 1001 943 1052 ubi

141 1070 232 1132 videt,
256 1075 374 1122 mortem
389 1070 473 1121 Drusi
487 1070 604 1121 inultam
624 1068 862 1133 interfectoribus,
883 1070 943 1121 sine

83 1206 86 1210 Α
141 1139 388 1205 maerorepublicc
399 1154 468 1202 esse,
488 1138 568 1190 ferox
577 1140 721 1201 scelerum,
741 1146 769 1191 et
779 1140 843 1207 quia
853 1140 943 1203 prima

74 1257 81 1267 ,
142 1213 335 1273 provenerant,
349 1208 476 1259 volutare
487 1222 589 1269 secum,
605 1223 724 1275 quonam
734 1208 817 1258 modo
829 1206 942 1258 Germa-

140 1272 197 1326 nici
210 1276 313 1327 liberos
327 1281 512 1344 perverteret,
541 1292 658 1343 quorum
673 1292 728 1326 nors
740 1276 824 1327 dubia
837 1290 943 1326 succes-

140 1345 192 1395 sio.
227 1359 318 1411 neque
328 1347 421 1411 spargi
435 1360 570 1397 venenum
581 1347 610 1395 in
620 1350 678 1395 tres
687 1350 810 1410 poterat,
831 1345 945 1411 egregia
973 1352 976 1356 “

142 1412 287 1473 austasium
297 1413 360 1477 ilde,
375 1422 404 1465 et
414 1414 546 1480 pudicitia
556 1414 720 1481 Agrippinae
730 1412 952 1479 impenetrabili.-

77 1499 81 1506 ‘
141 1482 233 1550 Igitur
243 1486 445 1535 contumaciam
462 1485 521 1534 eius
537 1484 681 1545 insectari,
709 1487 790 1534 vetus
803 1475 945 1548 Augustae'

143 1553 250 1614 odium,
269 1558 409 1606 recentem
419 1553 516 1604 Liviae
531 1554 726 1608 conscientiam
738 1553 891 1617 exagitare,
911 1557 945 1600 at

141 1620 285 1688 superbam
293 1622 482 1692 fecunditate,
500 1619 641 1675 cetininam
651 1619 828 1686 popularibus
846 1617 945 1670 stadiis

141 1689 250 1743 attare
259 1689 444 1752 dormitationi,
464 1689 537 1754 apud
548 1689 695 1740 Caesarem
706 1693 864 1754 arguerent.
891 1687 945 1738 Aa·

144 1773 197 1825 que
207 1756 274 1810 haec
284 1757 392 1808 callidis
403 1758 641 1819 criminatoribus,
661 1758 746 1818 (inter
756 1769 823 1823 quos
834 1755 946 1821 delege-

141 1831 189 1876 rat
213 1825 315 1875 lulium
339 1825 516 1886 Postumum,
540 1839 602 1890 ,per
626 1824 794 1875 adulterium
815 1823 945 1884 Mutiliae

142 1893 255 1946 Priscae
269 1895 344 1944 inter
356 1895 470 1944 intimos
484 1893 577 1955 aviae,
597 1900 626 1945 et
636 1891 757 1961 consiliis
768 1893 825 1942 suis
836 1892 946 1957 perido-

142 1977 240 2025 neum,
259 1963 324 2030 quia
334 1961 428 2013 Prisca
437 1964 465 2012 in
477 1963 569 2013 animo
580 1963 721 2030 Augustae
730 1959 833 2023 valida)
850 1975 945 2022 anum,

81 2069 83 2073 f
141 2037 241 2097 suapte
252 2034 353 2082 natura
363 2031 504 2098 potentiae
520 2032 643 2095 anxiam,
661 2029 850 2082 insociabilem
861 2032 945 2079 nurui

143 2099 287 2151 alliciebat.
316 2101 480 2166 Agrippinae
491 2113 600 2167 quoque
611 2100 728 2167 proximi
738 2099 947 2161 inliciebantur,

140 2170 233 2237 pravis
242 2170 416 2221 sermonibus
426 2169 546 2219 tumidos
558 2171 671 2234 spiritus
680 2169 884 2235 perstimulare.

128 2261 131 2270 ·
193 2237 268 2290 xlll.
296 2237 332 2298 At
345 2237 487 2300 Tiberius,
505 2237 575 2303 nihil
587 2239 746 2290 intermissa
759 2251 854 2288 rerum
870 2249 947 2300 cura,

126 2306 254 2373 ‘segetia
264 2320 314 2372 pro
330 2304 437 2358 solatiis
451 2307 603 2372 accipiens,
617 2309 661 2360 ius
676 2309 886 2372 civium,preces
902 2319 946 2354 so·

141 2377 248 2433 dorum
258 2376 408 2427 tractabat:
428 2373 557 2442 iactaque
589 2382 701 2429 auctore
718 2391 751 2427 eo
762 2373 946 2426 Senatuscon·

141 2443 229 2507 mlta,
247 2450 280 2496 at
293 2443 403 2496 civitati
418 2441 589 2512 Cibyraticae
603 2445 678 2513 apud
689 2443 797 2505 Asiam,
818 2439 948 2524 Aegiensi

140 2514 217 2581 spart
229 2511 374 2576 Achaiam,
391 2522 566 2566 motuterrae
581 2513 738 2586 labefactis,
756 2511 945 2562 subveniretur

139 2582 293 2636 renisam
313 2581 413 2635 tributi
425 2583 456 2637 ia
470 2583 626 2636 triennium.
661 2586 697 2636 Et
706 2582 805 2637 Vibius
815 2579 945 2642 Serenus,

140 2649 294 2706 Proconsul
308 2652 449 2707 ulterioris
466 2654 633 2724 Hispaniae,
659 2652 694 2706 de
712 2653 739 2706 ri
752 2647 952 2720 publicadann·
