2034 3025
53 71 60 80 '
130 75 175 145 ‘ue
225 51 834 159 ursronrsrvm[nna-iancea]

131 161 939 182 ..w-m

129 199 263 246 secutum.
299 193 460 258 adiungitur
473 191 597 242 licinius
611 193 760 254 Proculus,
778 195 875 245 intima
890 194 935 248 fa-

129 264 292 315 miliaritate
302 260 429 323 Othonis,
448 266 604 327 suspectus,
623 261 741 312 consilia
750 263 809 313 eius
819 261 935 316 scrisse.

130 333 199 386 Vrbi
210 332 335 384 Flavium
347 328 477 381 Sabinum
488 327 656 397 praefecere,
666 331 800 383 iudicium
811 331 936 386 Neronis

123 403 227 470 ‚secuti
245 401 296 450 sub
304 415 357 466 quo
369 401 485 451 eandem
496 415 592 450 curam
602 401 772 451 obtinuerat:
790 398 936 468 plerisque

43 501 46 507 ι
129 471 331 536 Vespasianum
342 467 458 520 fratrem
473 469 502 518 in
513 483 546 519 eo
557 470 775 534 respicientibus.
811 471 937 537 Flagita·

130 546 205 600 tum,
224 536 433 598 miserationes,
450 537 815 604 praeeteri'Centurionibus
826 540 936 604 solitae,

129 607 342 660 remitterentur.
378 605 503 672 Namque
523 609 667 673 gregarius
683 607 776 670 miles,
796 615 828 658 ut
842 610 935 659 tribu·

107 718 109 721 .
130 681 190 727 tum
201 689 331 736 annuum,
346 673 491 739 pendebat.
521 675 629 736 Quarto
639 688 702 743 pars
713 677 846 743 manipuli
856 691 937 743 spar-

93 754 102 767 ‘
129 759 224 809 saper
238 748 423 803 commeatus,
446 747 496 792 aut
513 744 543 792 in
558 745 626 810 ipsis
641 745 738 796 eastris
756 761 839 814 roga,
866 746 936 814 dum

129 811 287 864 mercedem
293 812 454 862 centurioni
466 811 637 862 exsolveret:
649 828 740 879 neque
750 816 860 866 modum
868 829 935 866 oue·

129 884 169 933 ris
185 880 344 946 quisquam,
366 888 456 946 neque
470 895 559 946 genus
569 885 701 946 quaestus
715 885 794 946 pensi
804 883 935 936 habebat.

129 964 180 1017 per
188 947 336 998 latrocinia
355 954 385 999 et
400 953 509 1012 raptus,
539 954 588 998 aut
601 949 746 1000 servilibus
761 953 936 1016 ministeriis,

129 1018 248 1070 militare
268 1019 357 1067 otium
376 1016 558 1069 redimebant.
604 1019 677 1068 Tum
700 1017 937 1087 locupletissimus

130 1088 247 1154 quisque
261 1086 340 1137 miles
355 1085 450 1136 labore
466 1101 498 1138 ac
513 1087 629 1158 saevitia
644 1085 778 1152 fatigari„
789 1089 878 1142 donec
888 1104 938 1141 va.

112 1190 114 1193 -
130 1157 268 1207 cntionem
279 1158 392 1206 emeret.
427 1155 483 1216 ubi,
500 1154 655 1219 sumptibus
666 1154 826 1219 exhaustus,
841 1171 940 1210 socor-
956 1171 964 1176 ·

130 1225 176 1276 dia
184 1225 297 1289 insuper
312 1224 487 1292 elanguerat,
504 1224 584 1291 inops
598 1236 649 1287 pro
664 1222 804 1288 locuplete
820 1229 849 1275 et
858 1227 939 1276 iners

130 1308 181 1361 pro
192 1297 320 1356 strenuo,
338 1295 367 1342 in
378 1291 548 1357 nranipulum
563 1291 687 1343 redibat:
710 1306 851 1344 aurursus
862 1293 939 1346 alius

132 1369 215 1431 atque
227 1362 311 1425 ullus,
331 1361 428 1413 eudem
438 1366 562 1429 egestate
573 1376 604 1412 ac
615 1360 728 1414 lieentia
738 1365 877 1428 conrupti,
898 1363 938 1415 ad

131 1434 283 1486 seditiones
297 1438 327 1482 et
336 1431 503 1494 discordias,
523 1431 596 1484 etad
606 1437 761 1484 extremum
776 1433 804 1482 in
815 1432 889 1484 bella
899 1431 938 1482 ci·

42 1535 44 1543 ·
68 1538 72 1545 ι
131 1503 198 1555 rilia
207 1502 334 1555 ruebant.
371 1499 426 1553 Sed
437 1499 525 1565 Otbo,
546 1517 581 1553 ne
592 1500 667 1569 vulgi
677 1501 825 1569 largitione
837 1503 938 1553 Centu-

131 1574 241 1624 rionum
251 1574 360 1623 animos
370 1575 518 1635 averteret,
529 1569 630 1640 fiscum
640 1587 717 1622 suum
726 1572 878 1623 uacationes
889 1586 937 1621 arr-

130 1649 201 1694 nnus
210 1642 406 1701 resoluturum,
424 1641 566 1705 promisit:
582 1653 640 1689 rem
652 1639 726 1689 haud
737 1640 819 1691 dubie
829 1640 944 1702 utilem,-

106 1745 109 1765 ι
131 1715 161 1761 et
171 1725 188 1760 a
196 1710 276 1760 bonis
285 1714 384 1775 postca
393 1706 565 1771 Principibus
576 1708 761 1771 perpetuitate
776 1707 938 1771 disciplinae

131 1779 279 1828 firmatam.
315 1775 390 1825 Laco
409 1775 584 1834 Praefectus,
608 1778 749 1841 tamquam
768 1775 796 1823 in
815 1776 939 1828 insulam

131 1848 322 1910 reponeretur,
342 1844 376 1893 ab
388 1847 512 1903 evocato,
530 1854 610 1909 quem
622 1840 657 1890 ad
668 1840 780 1891 caedem
791 1843 850 1893 cius
860 1842 938 1897 otho
964 1870 968 1875 ·

131 1914 323 1979 praemiserat,
343 1909 500 1963 confossus:
515 1910 543 1958 in
554 1910 848 1979 Martianumlcelum,
866 1914 938 1967 utin

130 1980 302 2041 libertinum,
321 1979 413 2045 palam
426 1978 655 2033 animadversum.

182 2048 297 2101 xovlr.
333 2049 440 2098 Exacto
451 2062 502 2114 per
513 2046 620 2098 seelera
629 2047 683 2110 die,
694 2048 871 2099 novissimum
878 2052 937 2101 ina-

132 2118 224 2169 lorum
239 2114 293 2167 fuit
307 2114 423 2167 laetitia.
459 2116 550 2169 Vocat
568 2115 702 2168 Senatum
718 2116 837 2170 Praetor
854 2119 937 2171 urba·

131 2197 193 2238 nus.
225 2181 335 2237 certant
345 2183 648 2237 adulationibuseetcri
659 2186 850 2253 Magistratus.
881 2186 936 2238 Ad·

132 2260 249 2308 currunt
263 2253 379 2305 Patres:-
395 2254 553 2307 decernitur
562 2253 665 2307 Othoni
684 2253 844 2307 Tribunicio
856 2262 936 2322 pote·

131 2332 189 2381 rtur
204 2333 231 2376 et
246 2339 340 2375 nornen
356 2322 477 2393 Augrnti
491 2331 519 2375 et
534 2340 622 2377 onrner
635 2324 796 2390 Principum
812 2322 936 2389 bonorer,

22 2401 33 2412 ‘
131 2393 322 2446 adnitentibus
333 2395 439 2444 cunctis
449 2393 561 2459 abolere
567 2395 842 2459 conviciaaeprobra,
854 2406 936 2459 quae,

130 2464 289 2529 promiscue
303 2464 389 2525 iacta,
408 2461 529 2514 haesisse
545 2465 636 2515 animo
652 2466 724 2526 eius,
742 2477 823 2513 nemo
839 2463 935 2513 sensit.

131 2534 270 2584 omisisset
284 2530 417 2594 offensas,
436 2547 472 2583 an
487 2532 653 2595 distulisset,
676 2534 810 2585 brevitate
825 2532 935 2597 imperii

130 2600 159 2653 in
169 2603 277 2656 incerto
288 2600 351 2653 luit.
386 2600 470 2665 Otho,
488 2608 603 2655 cruento
615 2603 703 2655 adbuc
714 2600 785 2666 foro,
804 2616 854 2669 pcr
866 2606 935 2654 stra-
