2034 3025
148 59 279 134 crum
299 78 491 155 comanos.
510 38 662 151 [evene.
675 80 752 134 ne.
766 80 817 149 m]
841 80 892 133 ¹ro

28 157 31 246 i
89 179 284 249 eloquentiam,
300 179 742 259 gentiledomusnostraedonum,
760 181 895 239 varietate
949 201 951 205 ·
985 216 987 223 ›

27 258 29 300 t
89 259 240 316 temporam
253 264 376 315 accipere
391 250 434 300 rel
448 265 552 317 parare
562 249 719 317 potuissem,
740 249 808 301 satis
817 248 896 302 iule-

26 316 28 381 i
89 320 166 381 bam,
183 316 209 369 si
220 326 312 370 tenues
321 333 364 369 res
373 334 447 369 meae
456 335 503 371 nec
514 318 696 387 milipadori,
715 335 762 377 nec
772 317 895 387 cuiquem

25 385 28 414 ³
89 385 168 441 oneri
170 388 276 458 forent.
293 386 381 437 iussus
391 386 611 456 allsnperatore,
627 402 739 440 acorem
749 386 823 439 duxi.
850 386 895 441 En

23 519 24 524 Ἰ
87 456 172 523 stirps
183 464 211 509 et
218 455 361 524 progenies
371 463 413 506 tot
424 453 578 522 Consulum,
588 465 630 509 tot
639 454 832 508 Dictaturam!
847 472 895 509 neo

87 526 125 578 ad
137 524 268 578 insidiam
282 524 348 588 ista,
369 523 416 576 sed
428 525 613 580 conciliandae
627 524 837 589 misericordiae,
855 537 896 575 re·

82 595 159 668 sero.
176 593 371 660 adsequentur,
383 591 504 662 florente
518 603 553 658 te,
574 592 684 658 Onetor,
702 611 768 663 qnos
783 592 895 655 aedon,

86 665 217 717 nouom:
233 661 345 714 interim
356 661 388 726 Q.
399 660 542 717 Hortensii
547 672 717 732 pronepotes,
729 660 764 714 D.
775 660 896 733 Augusti
967 684 969 689 ’
980 700 983 721 .

87 736 217 794 alumnos,
227 731 261 783 ab
272 730 366 799 inopia
376 730 496 803 defende.

140 799 461 854 xxxv111.1ncunatto
481 800 600 854 Senatus
620 801 830 855 incitamentum
849 798 895 853 Ti·

86 871 167 924 berio
185 869 249 933 fuit,
269 883 325 942 quo
345 872 498 937 promptius
518 871 724 934 adversaretur,
743 870 785 922 his
806 870 894 925 terme

89 941 180 993 serbis
188 954 271 991 usust
289 937 321 989 m·
330 947 461 1009 quantum
471 956 623 1009 pauperum
633 948 673 993 est
683 939 772 993 uenire
782 938 847 1003 lose,
866 947 896 992 et
977 974 983 981 -

87 1007 181 1061 liberis
200 1007 258 1060 suis
272 1016 366 1076 petere
382 1008 512 1076 pecunias
532 1009 678 1077 coeperint,
697 1008 800 1079 singuli
819 1024 895 1063 nam·

87 1094 170 1148 paam
180 1076 398 1141 exsatialuntur,
408 1078 534 1149 respubl.
546 1076 658 1148 deficiet.
676 1094 726 1131 nee
733 1094 798 1131 sane
806 1077 866 1131 ideo
877 1094 894 1129 a

88 1145 238 1199 maioribus
247 1161 398 1199 conoessum
408 1155 458 1211 est,
469 1147 562 1216 egredi
572 1147 717 1216 aliquando
727 1146 895 1209 relationem,

88 1224 126 1280 et,
135 1215 208 1285 puori
215 1214 246 1268 in
255 1230 392 1268 commune
401 1217 544 1281 conducat,
563 1220 619 1270 loco
628 1214 779 1270 sententiae
787 1216 895 1289 profer·
932 1231 938 1239 ¹

88 1301 132 1349 re,
145 1294 179 1337 ut
189 1284 303 1353 privata
312 1283 437 1354 negotia,
456 1302 500 1338 res
509 1286 666 1359 familiares
675 1294 782 1339 nostros
794 1285 837 1338 lio
846 1301 895 1339 aa·

85 1370 210 1424 genotas,
219 1370 279 1406 eam
289 1352 392 1406 invidio
403 1352 520 1409 Semne
531 1364 558 1408 et
563 1352 734 1422 Principum,
743 1354 797 1407 sire
807 1354 895 1407 indal-

87 1422 177 1476 serint
193 1422 374 1491 largitionem,
393 1422 449 1475 sire
463 1422 616 1477 abnuerint.
643 1423 784 1477 nonenim
801 1438 895 1489 preces

85 1500 153 1547 eunt
173 1490 253 1556 istuc,
272 1492 319 1546 sed
336 1491 511 1562 efflagitatio,
535 1490 723 1559 intempestiva
742 1489 848 1560 quidem
868 1500 896 1543 st

82 1563 249 1631 iusprooisa,
272 1578 333 1615 enm
354 1561 417 1614 aliis
442 1563 474 1615 de
496 1561 575 1614 reios
594 1559 767 1614 convenerint
784 1560 895 1622 Patres,

85 1647 265 1702 comorgere,
285 1639 313 1684 et
331 1648 442 1685 numero
451 1640 534 1701 atque
548 1638 641 1684 aetate
653 1629 766 1685 liberios
785 1643 895 1682 tuorem

84 1717 188 1769 urgere
205 1700 362 1753 modestiam
374 1700 505 1767 Senatus,
525 1700 634 1754 eundem
644 1698 698 1752 eim
706 1698 737 1754 in
751 1715 792 1752 me
806 1707 893 1752 trano·

84 1772 206 1834 mittere,
224 1772 341 1823 acoelsst
346 1770 527 1853 perfringere
537 1769 690 1822 aerariam:
707 1769 785 1840 qnod,
804 1769 892 1824 siam·
965 1775 968 1792 ¹

85 1839 189 1893 titione
208 1837 429 1904 exlousersmus,
445 1857 497 1909 per
515 1841 618 1892 scelera
636 1841 810 1908 supplendam
829 1837 892 1892 erit.

84 1905 175 1961 Dedit
185 1907 245 1972 tili,
263 1907 394 1973 Hortole,
413 1907 451 1961 D.
461 1908 603 1980 Augustas
611 1908 767 1979 pecuniam,
784 1909 893 1962 sednon

84 1978 276 2046 compellatus,
295 1994 343 2030 nec
362 1994 395 2032 ea
413 1979 538 2062 1³30,st
557 1993 659 2048 semper
679 1979 802 2032 claretur.
835 1979 892 2030 lan·

105 2056 198 2100 uescet
208 2045 311 2116 alioqui
319 2045 471 2112 industria,
489 2047 645 2102 intendetur
655 2049 785 2112 socordia,
800 2047 825 2101 si
834 2048 892 2102 nnl-

80 2066 126 2172 lus
141 2132 177 2169 ex
191 2131 219 2168 se
234 2125 322 2169 metus
337 2124 388 2169 aot
433 2133 477 2178 es‚·
494 2126 524 2170 et
533 2118 621 2171 secari
635 2134 723 2172 omnes
732 2119 822 2172 aliena
833 2115 892 2170 sal·
1001 2129 1002 2136 ¹

82 2185 156 2238 sidia
167 2199 215 2238 ees
234 2185 371 2251 eetalunt,
388 2185 413 2238 s‘
435 2184 565 2256 'ignari,
583 2187 659 2241 nobis
670 2203 779 2257 graves.
814 2188 893 2239 Haec
999 2181 1001 2220 Γ

83 2260 173 2322 atque
231 2255 270 2318 n,
289 2270 455 2324 quamquam
471 2272 533 2308 cum
550 2256 669 2310 adsensu
685 2257 784 2309 audito
795 2255 893 2319 abhis,
998 2257 999 2262 ’

83 2326 187 2393 quibus
201 2325 295 2376 omnio
304 2325 477 2392 Principum,
496 2324 614 2378 honesto
634 2332 718 2394 utque
737 2326 893 2387 inhonesto,
995 2385 997 2388 ,

82 2392 278 2445 laudaremus
293 2400 348 2459 ost,
366 2395 462 2462 plures
475 2409 526 2462 por
541 2395 683 2447 silentium
693 2395 892 2448 eutoccultum
911 2448 912 2455 χ

83 2476 215 2519 murmur
225 2476 366 2530 excepere.
383 2467 526 2532 sensitque
536 2465 674 2517 Tiberius.
691 2471 728 2528 et,
744 2479 805 2516 cum
816 2461 893 2527 poul-
987 2498 990 2507 .

83 2531 146 2582 lum
158 2530 336 2597 reticuisset,
345 2533 463 2588 Hortalo
474 2550 502 2585 se
518 2533 683 2601 respondisse
695 2535 746 2584 sit:
765 2537 894 2584 ceterum,

84 2599 108 2652 ri
118 2597 257 2653 Patribus
265 2599 416 2668 videretur,
435 2603 564 2656 datarum
577 2598 736 2654 litteriones
745 2597 846 2647 ducena
857 2605 894 2638 se·
