2034 3025
160 81 216 184 als
270 121 271 126 ‘
289 125 517 183 suasurvsr
533 126 817 198 [numanum]

167 203 961 231 m

82 279 86 285 .
212 232 246 288 V.
263 231 381 286 Noctem
400 235 538 286 sideribus
558 234 705 286 inlustrem
725 240 755 286 et
763 236 873 302 placicio
892 243 968 295 mari

159 303 291 370 quiem,
310 305 390 372 quasi
410 304 629 355 convincendum
648 304 685 356 ad
704 304 804 369 scelus,
823 307 870 358 Dii
884 321 991 376 prae·,

158 369 254 425 buere.
288 371 348 426 Nec
357 373 475 424 multum
486 376 549 424 erat
563 382 711 441 progressa
720 376 812 438 naris,
831 376 941 430 duobus
952 395 970 432 e

159 455 276 494 numero
296 440 476 494 familiarium
494 443 674 510 Agrippinam
695 445 905 497 comimnubuss
931 463 970 501 ex

159 511 222 579 quis
232 509 395 578 Crepereius
406 510 504 563 Gallus
515 510 590 569 baud
600 512 698 578 procul
708 514 907 579 gubernaculis
918 511 968 568 ad-

158 581 261 643 stabat,
279 581 443 644 Acerronia,
462 595 549 647 super
569 581 654 648 pedes
674 583 824 633 cubitantis
842 584 969 651 reclinis,

156 648 352 716 poenitentiam
358 648 427 718 filii,
438 657 466 701 et
474 649 655 718 reciperatam
664 650 763 702 matris
769 651 905 720 gratiam,
916 669 969 720 per

157 717 289 784 gaudium
300 720 485 770 memorabat:
504 735 577 782 cum,
587 720 653 771 (lato
663 721 752 786 signo,
764 736 847 773 ruere
857 726 968 777 tectum

156 785 221 849 loci,
240 786 329 839 multo
350 788 464 854 plumbo
483 802 583 855 graver
611 803 780 858 pressusque
799 791 968 857 Crepereius

157 859 187 908 at
205 857 299 906 statim
320 859 494 908 exanimatus
515 863 568 910 est.
602 859 756 926 Agrippina
769 864 799 912 ct
811 861 969 916 Acerronia

157 926 341 977 eminentibus
361 926 426 978 lecti
445 928 608 993 parietibus,
627 941 660 978 ac
679 927 754 981 forte
773 928 966 996 validioribus,

156 1009 238 1062 quam
249 1001 281 1046 ut
292 997 371 1046 oneri
382 996 523 1060 cederent,
538 1002 683 1063 protectae
693 1004 764 1049 sunt
783 1013 836 1050 nec
845 998 967 1052 dissolu·⁴

155 1065 197 1114 tiu
211 1066 314 1132 navigii
329 1066 508 1133 sequebatur,
529 1068 649 1118 turbatis
669 1068 811 1131 omnibus,
832 1073 868 1130 et,
888 1069 967 1136 quod

155 1131 281 1200 plerique
291 1135 391 1202 ignari,
412 1136 828 1202 etiamccnsciosinpediebant.
862 1137 965 1190 Visum

71 1195 73 1204 ’
156 1199 428 1272 dehincrenrigibus,
450 1221 534 1257 unum
543 1203 573 1258 s‘n
582 1207 656 1256 lstsu
665 1205 807 1270 inclinare,
827 1203 908 1273 atque
917 1205 965 1258 s'ta

155 1287 249 1324 essem
258 1271 437 1343 submergere.
465 1273 521 1326 Sed
531 1289 621 1342 neque
632 1274 697 1345 ipsis
707 1280 853 1343 promptus
861 1275 890 1324 in
900 1287 964 1326 rem

150 1342 275 1402 „subitam
291 1356 450 1407 consensus,
470 1343 574 1406 etalii,
593 1350 691 1396 ccrrtra
706 1346 839 1407 nitentes,
859 1342 964 1396 dedere

154 1409 318 1464 facultatem
334 1411 448 1466 lenioris
462 1415 491 1464 in
506 1427 584 1466 mare
598 1414 698 1466 iaetus.
715 1415 838 1469 'Verum
848 1414 964 1465 Acerro-

154 1481 203 1536 nia
212 1481 371 1549 inprudens,
382 1483 457 1547 dum,
472 1499 499 1537 se
510 1482 691 1554 Agrippinum
701 1499 766 1549 esse,
780 1493 863 1555 atque
873 1480 964 1535 sabee·

154 1550 263 1605 sciretur
273 1553 359 1606 matri
367 1552 517 1623 Principis,
533 1554 668 1617 clamitat,
682 1556 771 1606 contis
782 1554 913 1615 strenis,
924 1557 964 1616 et,

154 1636 226 1689 quae
237 1622 296 1674 fors
306 1623 456 1687 obtulerat,
466 1622 611 1675 navalibus
622 1622 686 1675 telis
696 1626 850 1675 coniicitur.
864 1623 963 1690 agrip-

154 1692 220 1757 pina
230 1692 322 1755 silens,
333 1708 421 1760 coque
432 1695 524 1744 minus
536 1693 646 1758 agnita,
659 1706 744 1741 uuum
755 1697 849 1742 tamen
860 1692 963 1742 vulnus

155 1758 271 1813 humero
283 1764 398 1828 excepit.
435 1760 544 1821 Nando,
560 1758 660 1810 deiude
670 1773 788 1810 occursu
798 1759 963 1811 lenunculo·

153 1844 225 1891 rum,
235 1830 386 1881 Lucrinum
397 1832 425 1881 in
436 1830 527 1880 lacum
538 1834 626 1888 vecta,
640 1826 725 1877 villae
734 1841 801 1878 suae
811 1826 945 1880 infertur.

204 1897 254 1951 Vl.
271 1899 333 1950 Illic
342 1906 486 1967 reputans,
502 1896 566 1947 ideo
577 1910 607 1947 se
618 1893 763 1947 fallacibus
773 1895 875 1948 litteris
889 1898 962 1949 acci.

152 1972 221 2031 tam,
241 1974 270 2019 et
289 1966 397 2020 bonore
415 1965 565 2035 praecipuo
585 1962 722 2015 habitam:
742 1966 871 2035 quodque
891 1965 961 2019 litus

151 2036 239 2099 iuxta,
258 2052 313 2088 non
324 2037 413 2089 ventis
424 2039 493 2095 acta,
513 2048 567 2083 non
578 2034 653 2083 saxis
662 2034 773 2101 inpulsa
782 2038 873 2100 naris,
887 2051 962 2107 supr·

154 2119 199 2158 ma
208 2106 253 2155 sui
263 2110 352 2172 parte,
370 2105 457 2157 ueluti
468 2108 603 2155 terrestre
613 2102 876 2169 machinamentum,
895 2120 962 2159 con·

150 2174 278 2231 cidissetr
296 2176 446 2227 observans
462 2173 546 2225 etiam
560 2175 728 2227 Acerroniae
748 2190 857 2240 necem3
875 2174 959 2227 simul

152 2258 233 2296 suum
252 2240 354 2297 uulnus
373 2244 541 2311 adspiciens:
576 2242 666 2295 solum
688 2245 851 2300 insidiarum
871 2258 961 2297 reme·

98 2340 105 2357 a
153 2311 229 2367 dium
249 2330 325 2380 esse,
344 2315 368 2366 si
387 2328 442 2366 non
462 2312 554 2366 intelli
575 2318 699 2365 crentur:
731 2316 806 2366 misit
826 2315 958 2366 libertum

149 2382 309 2453 Agerinum,
329 2384 376 2453 qui
386 2385 529 2435 nuntiaret
538 2328 611 2445 lilio,
632 2380 801 2452 benignitate
811 2380 910 2447 Deum,
929 2391 958 2436 et
978 2432 991 2438 ,,

137 2446 266 2527 'fortuna
277 2454 343 2518 eius,
359 2453 472 2506 evasisse
479 2467 592 2522 gravem
601 2465 708 2503 casum.-
725 2468 814 2516 orare,
825 2461 857 2504 ut
866 2467 958 2521 quam-

149 2521 190 2575 m's
206 2523 329 2593 periculo
343 2523 440 2577 crassis
455 2522 620 2585 exterritus,
639 2520 742 2574 risendi
755 2538 849 2574 aarum
864 2521 893 2572 di
919 2538 959 2574 er-

114 2622 119 2627 ·
147 2602 208 2647 ret:
225 2592 278 2647 sili
288 2595 458 2661 adpraesens
468 2592 558 2659 paiste
569 2607 644 2659 opus.
680 2592 902 2659 Atqueinterim,
917 2606 959 2643 se-

150 2666 270 2717 curitate
281 2664 422 2726 simulata,
443 2663 633 2726 medicamina
647 2659 767 2725 vulneri,
788 2667 818 2714 et
831 2661 959 2715 fomenta
