2034 3025
137 112 480 170 marmenem-ae.
516 110 797 181 [nvaaancqe]
826 90 896 168 raa'

76 196 877 357 {rmum

112 304 163 339 Η

87 393 92 398 ’
126 390 251 443 xxxin.
286 390 475 459 Quadraginta
490 388 876 454 armatorummilliainrupe·

75 474 116 523 re,
126 459 252 512 calonum
264 459 436 527 lixarumque
445 459 563 525 amplior
574 472 717 520 numerus,
737 462 766 509 et
776 459 804 507 in
814 456 873 509 libi·

76 528 167 581 dinem
181 543 213 578 ac
226 528 368 579 saevitiam
388 530 558 595 conruptior.
593 526 654 577 Non
670 528 800 593 dignitas,
818 541 874 576 non

75 603 152 649 aetas
162 596 333 661 protegebat,
352 612 407 662 quo
417 598 507 647 minus
517 600 613 660 stupra
624 596 761 657 caedibus,
769 594 874 663 caedet

76 666 186 730 stupris,
201 665 391 715 miscerentur.
427 664 605 715 Grandaeros
615 678 703 726 aenea,
722 666 875 715 exactaae·

77 738 134 784 tate
145 731 269 791 feminac,
288 732 357 782 viles
372 732 405 784 ad
423 734 562 799 praedam,
583 735 609 782 in
626 732 774 783 ludibrium
784 730 876 784 trahe-

76 801 152 852 bant.
189 799 242 852 Vbi
252 799 348 850 adulta
358 803 448 869 virgo,
462 808 516 869 *aut
530 802 590 868 quis
604 800 696 853 forma
706 802 877 867 conspicuus,

77 859 226 928 incidissel,
246 869 272 917 vi
283 871 462 937 nranibusque
474 870 640 935 rapientium
655 869 790 932 divulsus,
801 870 877 935 ipset

78 942 215 1003 postremo
232 930 387 1003 'direptores
407 940 436 989 in
455 944 579 988 mutuam
600 939 747 1003 perniciem
768 939 876 1005 agebat.

78 1005 142 1056 dum
152 1006 309 1071 pecuniam,
319 1006 364 1057 vel
373 1008 468 1072 gravia
478 1020 547 1056 auro
556 1006 722 1072 templorum
733 1006 814 1068 dona,
825 1006 877 1057 eibi

78 1075 193 1141 quisque
212 1072 464 1135 trabuntmaiore
484 1074 601 1124 aliorum
621 1074 648 1123 vi
666 1074 875 1125 truncabantur.

77 1142 193 1203 Quidam
210 1141 290 1191 obvia
308 1141 481 1207 adspernati,
498 1138 658 1193 verberibus
678 1144 876 1209 tormentisque

77 1210 251 1264 dominorum
266 1209 361 1260 abdita
374 1209 504 1270 scrutari,
523 1210 633 1263 defossa
648 1218 753 1263 eruere.
788 1212 876 1271 Faces

75 1280 105 1327 in
116 1279 252 1328 manibus:
273 1294 340 1344 quas
350 1280 396 1329 nbi
407 1279 537 1345 praedam
548 1284 717 1344 egesserant,
736 1282 765 1328 in
776 1292 876 1329 vacuae

77 1346 175 1398 domos
185 1352 213 1396 et
223 1347 315 1396 inania
328 1346 434 1412 templa
447 1360 498 1412 per
513 1346 654 1399 lasciviam
673 1346 876 1396 iaculabanturc

75 1419 162 1480 utque
173 1414 303 1473 exercitu,
314 1416 389 1463 vario
401 1414 512 1481 linguis,
530 1415 661 1474 moribus,
680 1414 723 1463 eui
733 1414 815 1475 cives,
834 1426 877 1464 co·

77 1482 123 1543 cii,
143 1481 434 1545 externiinteressent,
458 1481 581 1534 diversae
592 1481 742 1547 cupidines,
761 1485 790 1532 et
800 1480 877 1532 aliud

78 1551 177 1616 cuique
188 1548 239 1610 fas,
248 1563 299 1599 nec
309 1550 455 1617 quidquam
467 1549 611 1600 inlicitum.
635 1549 688 1600 Per
699 1549 876 1616 quatriduum

78 1617 215 1670 Cremona
230 1615 347 1668 suffecit
383 1619 450 1668 Cum
468 1619 561 1669 omnia
576 1633 655 1669 saera
668 1616 838 1684 profanaque
848 1621 877 1668 in

76 1687 142 1753 igne
152 1686 334 1748 considerent,
353 1686 442 1737 colum
454 1684 587 1752 Mephitis
597 1685 731 1752 templum
741 1688 820 1738 stetit
831 1702 877 1738 an-

76 1756 234 1817 temocnia,
244 1753 314 1816 loco,
329 1769 379 1806 eeu
388 1754 509 1807 Numine
520 1753 672 1807 defensum.
862 1773 872 1782 ‘

130 1855 256 1913 XXXlV.
273 1857 327 1907 llic
337 1852 426 1908 exitur
433 1857 593 1919 Cremonae,
604 1853 877 1910 annoCGLXXXVl.
984 1869 992 1882 “

77 1939 97 1975 a
106 1923 257 1990 primordio
267 1927 319 1975 sui.
353 1925 470 1976 condita
479 1934 542 1976 erat
551 1924 763 1991 'l'i.Sempronio
775 1933 803 1976 et
814 1928 878 1977 Cor·

76 1993 154 2044 aelio
175 1993 351 2054 consulibus,
368 1994 516 2059 ingruente
534 1995 562 2042 in
582 1993 691 2052 ltaliam
710 1995 878 2058 Hannibale,

77 2061 315 2126 propugnaculum
325 2061 456 2112 adversus
471 2061 577 2123 Gallor,
591 2066 669 2113 trane
680 2061 783 2114 Padum
794 2079 876 2130 agen·

76 2133 131 2185 teo,
150 2134 178 2176 ct
187 2129 210 2176 oi
220 2142 275 2192 qua
283 2129 340 2179 alia
349 2131 391 2180 rio
400 2144 451 2195 por
459 2129 540 2194 Alpes
551 2135 653 2182 rueret.
689 2132 775 2198 lgitur
785 2147 878 2184 nume·

77 2207 112 2246 ro
123 2192 298 2257 colonorum,
317 2197 525 2263 opportunitate
539 2197 695 2262 fluminum,
712 2200 799 2267 ,ubere
808 2201 877 2266 agn,

67 2276 191 2320 ‚annexu
212 2263 407 2331 connubiicque
426 2267 560 2332 gentium,
579 2266 700 2320 adolevit
719 2267 878 2336 floruitque,

78 2326 163 2382 bellic
175 2332 296 2381 externis
313 2332 432 2396 intacta3
451 2334 575 2385 civilibus
590 2335 697 2388 infelix.
731 2336 877 2394 Antonius,

77 2398 186 2466 pudore
198 2395 310 2464 flagitii,
329 2399 504 2454 crebescente
516 2403 633 2466 invidia,
652 2404 747 2466 edixit,
767 2421 800 2456 ne
818 2405 877 2469 quit

79 2461 267 2535 Cremonenses
275 2467 393 2533 captivet
403 2468 543 2523 detineret.
569 2473 736 2538 inritamque
746 2473 877 2538 praedam

76 2534 212 2586 militibus
223 2533 354 2587 offecerat
367 2552 515 2603 concentus
523 2539 630 2601 ltaliae,
641 2540 804 2606 emptionem
814 2539 879 2589 tali-

76 2615 128 2656 um
137 2603 335 2690 mancipiorum
344 2603 546 2676 coeperamus.
564 2607 658 2660 Occidi
668 2621 792 2677 coepere.
803 2609 876 2678 quod
