2034 3025
108 202 111 206 .
167 149 202 207 oc
257 114 878 219 Διιιιιιιιιιιιιιιιτγιμι.ιιι]

102 280 104 284 v
168 256 196 301 et
206 264 253 301 aas
264 238 394 311 alienum,
405 250 494 301 socius
504 248 650 339 libidinum
659 243 688 300 et
698 250 906 360 necessitatum,
917 264 975 316 quo

166 314 290 387 pluribus
301 318 410 368 indiciis
420 318 612 385 inligaret

116 403 129 413 ⁸
163 436 164 439 ,
218 387 344 456 XXVlll.
362 388 402 439 vt
422 390 490 439 satis
509 359 633 451 testium,
652 392 690 451 et,
709 387 757 455 qui
777 390 851 440 servi
873 387 974 441 eadem

166 447 321 520 noscerent,
331 456 444 522 reperit,
455 458 561 509 aditum
572 458 607 509 ad
617 452 770 523 Principem
782 456 915 523 postulat,
925 458 972 509 de-

166 522 320 579 monstrato
331 527 443 577 crimine
454 532 483 577 et
494 541 552 608 reo,
566 541 616 593 per
625 525 757 590 Flaccum
768 528 980 589 Vescularium,

166 598 285 665 equitem
305 596 468 658 Romanum,
489 598 533 646 cui
554 598 668 663 propior
689 610 752 647 cum
771 598 884 648 Tiberio
905 612 973 647 usus

167 670 236 719 erat
257 666 358 715 Caesar
368 664 499 717 indicium
512 664 584 715 haurd
597 665 789 730 adspernatus,
807 680 973 747 congressus

166 734 274 787 abnuit:
291 748 368 801 posse
379 732 458 796 enim,
469 734 557 784 eodem
567 731 688 785 rucco·
677 734 860 796 internuntio,
875 750 972 796 termo

166 818 211 857 rtet
225 814 380 855 cornnreore.
417 805 506 869 Atque
523 804 632 854 interim
644 804 778 855 Libonem
795 809 878 854 ornat
893 817 973 870 prae-

166 879 239 936 tura,
261 872 429 923 convictibus
441 871 563 934 adlubet
584 888 639 923 non
648 872 727 922 vultu
743 871 895 933 alienatus,
915 888 971 925 ιιοιι

109 963 114 969 ’
165 946 257 997 uerbis
269 943 434 995 commotior
448 940 549 1006 (adeo
542 957 612 993 iram
624 941 799 1003 condiderat)
817 948 973 1009 cunctaque

166 1014 225 1067 eius
236 1012 310 1064 dieta
320 1012 457 1079 factaque,
478 1023 539 1063 cum
551 1011 699 1079 probibere
709 1016 814 1078 posset,
833 1012 904 1063 scire
913 1027 973 1063 rna·

166 1082 254 1135 lebat:
275 1081 364 1134 donec
378 1082 474 1133 lunius
496 1082 617 1149 quidam,
636 1086 776 1145 tentatus,
797 1087 829 1138 ut
846 1078 973 1133 infernas

166 1152 278 1204 umbras
293 1152 460 1203 carminibus
475 1152 603 1215 eliceret,
623 1151 658 1201 ad
668 1151 825 1202 Fulcinium
837 1151 971 1203 Trionem

165 1218 296 1273 indicium
314 1220 424 1273 detulit.
443 1220 553 1273 celebre
573 1224 647 1273 inter
667 1228 844 1271 accusatores
859 1222 973 1271 Trionis

164 1292 305 1359 ingenium
317 1295 385 1352 erat,
395 1291 560 1357 aridumque
573 1290 662 1341 faniae
672 1289 772 1341 nralae.
800 1288 900 1342 Statim
912 1305 973 1341 cor-

132 1424 136 1429 ,
165 1361 352 1428 lapitreum,a
335 1359 533 1411 aditconsules
535 1358 973 1426 ,Senatuscognitionemposcit:

166 1436 196 1481 et
206 1435 349 1483 'vocantur
361 1426 474 1493 Patres,
494 1429 599 1493 addito,
619 1430 823 1481 consultandam
841 1444 922 1497 super
943 1445 975 1482 re

143 1515 209 1554 ·ma
230 1498 408 1556 naetotroca'.
444 1548 452 1556 .

246 1570 322 1624 XlX.
341 1571 412 1623 Libo
423 1571 545 1633 interim,
560 1573 636 1622 reste
647 1573 763 1632 mutata,
775 1585 837 1621 cum
847 1570 975 1636 primori·

165 1616 217 1691 bus
228 1638 338 1694 feminis
349 1641 495 1692 circumire
510 1640 621 1702 domos,
642 1653 724 1701 orare
739 1639 857 1703 adlines,
875 1655 974 1690 rocem

104 1763 111 1783 x
165 1709 310 1762 adversum
322 1710 446 1776 pericula
457 1723 582 1774 poscere,
592 1709 776 1761 abnuentibus
782 1709 898 1772 eunctis,
909 1723 973 1760 cum

166 1777 276 1830 diversa
286 1778 510 1845 praetenderent,
517 1779 614 1831 eadem
625 1778 782 1830 formidine
794 1778 839 1830 die
849 1783 975 1841 senatus,

166 1852 277 1900 metuet
284 1846 459 1914 aegritudine
470 1846 602 1910 fessus,
580 1864 647 1912 sire,
655 1854 688 1898 ut
698 1848 839 1899 tradidere
840 1848 974 1930 quidam,

127 1925 128 1934 ¹
165 1913 295 1970 simulato
306 1918 411 1981 morbo,
426 1916 526 1970 lectica
536 1917 645 1970 delatus
656 1917 691 1968 ad
702 1917 776 1970 fores
788 1919 891 1980 curiae,
902 1917 974 1968 inni

166 2000 268 2054 susque
284 1985 378 2050 fratri,
399 1993 427 2038 et
441 2001 541 2038 manus
555 2001 588 2040 ac
602 1987 740 2055 supplices
750 2001 835 2039 voces
845 1987 881 2038 ad
890 1989 975 2040 'libe-

108 2117 110 2124 '
166 2071 237 2108 rrum
248 2056 379 2119 tendens
399 2055 516 2110 immoto
529 2073 589 2109 erus
603 2058 683 2108 vultu
699 2058 845 2124 excipitur.
866 2072 933 2108 mox
942 2058 976 2108 lr-

101 2131 103 2134 ’
166 2125 257 2178 bellos
265 2127 296 2178 et
304 2131 433 2178 auctores
443 2129 546 2180 recitat
556 2128 674 2189 Caesar,
694 2127 735 2177 ita
750 2127 916 2192 moderans,
939 2144 976 2180 ne

166 2195 264 2258 lenire,
275 2211 344 2248 nese
354 2209 484 2262 asperare
495 2197 611 2248 crimina
621 2195 771 2249 videretur.

219 2264 308 2319 XXX
326 2266 521 2330 Accesserant,
540 2270 652 2331 praeter
671 2267 803 2318 Trionem
825 2258 855 2318 e't
875 2265 975 2318 Camm

167 2324 351 2398 accusatores,
370 2334 504 2387 Fonteius
523 2337 646 2417 Agrippa
665 2340 693 2386 et
715 2335 745 2386 G
758 2334 881 2398 Vibius,
887 2343 976 2389 certa-

166 2405 298 2470 bantque,
317 2405 361 2454 eui
376 2405 419 2455 ius
430 2404 602 2472 perorandi
594 2421 623 2454 m
637 2419 716 2456 reum
735 2404 864 2457 daretur.
884 2406 976 2459 donec

167 2473 275 2535 Vibius,
295 2477 361 2540 quia
376 2487 428 2525 nec
441 2475 496 2540 ipsi
511 2476 586 2525 inter
600 2487 630 2525 se
645 2474 838 2538 concederent,
857 2479 886 2527 et
901 2474 976 2528 Libo

141 2551 147 2557 ·
167 2543 225 2595 sine
236 2545 353 2608 patrono
368 2543 526 2606 introisset,
545 2542 707 2608 singillatim
723 2559 754 2595 se
769 2543 892 2596 crimina>
903 2545 977 2597 obiess

169 2618 278 2663 eturum
290 2609 442 2677 professus,
451 2612 569 2677 protulit
579 2611 699 2674 libellos,
707 2613 841 2664 vecordes
852 2613 935 2673 adeo,
945 2619 978 2664 ut

169 2680 369 2735 consultaverit
376 2679 458 2744 Libo,
467 2697 503 2748 aa
513 2679 742 2753 babdurossoret
751 2697 821 2750 opes,
831 2682 893 2751 quis
903 2682 978 2736 aiam
