2034 3025
120 134 626 208 Liss.1.cnr.to5⁷.[av.7aa
643 136 718 195 Ac.
731 140 784 209 ab]
824 138 861 197 tt

49 265 209 311 manorum
228 249 269 299 cis
286 245 412 299 Rhenum
431 246 592 311 colentium,
610 248 746 300 &ednas
760 248 860 301 tradite

49 320 167 373 totidem
178 318 319 384 legiones,
338 316 474 382 duplicem
489 318 631 368 sociorum
644 330 789 369 numerum
799 319 860 385 ipse

48 390 140 441 ducit:
152 389 304 455 positoque
314 385 432 437 castello
442 388 651 454 supervestigia
662 386 773 452 paterni
783 400 861 452 pras·

47 460 110 511 sidii
120 460 150 508 in
162 460 260 508 monte
269 457 376 517 Tauno,
388 454 546 521 expeditum
556 457 711 507 exercitum
722 454 751 505 in
762 455 860 509 mtto·

47 532 136 595 rapit3
151 525 186 577 la
198 525 322 591 Apronio
333 524 369 575 ad
380 525 550 577 munitiones
559 526 666 577 riarum
677 530 709 577 et
716 522 860 577 fluminum

47 598 159 649 relicto.
185 610 250 647 nam
271 596 378 655 (rarum
388 592 430 643 iiii
441 593 531 656 caelo)
549 596 676 649 siccitate
690 600 722 646 et
733 592 862 645 amnibus

47 666 176 727 modicia,
202 660 371 715 inoffensum
391 663 446 715 iter
464 670 676 729 properaveram
701 664 776 715 imbr
825 674 863 715 ua

49 741 77 789 et
96 734 246 786 fluminum
267 736 365 783 auctus
386 731 554 799 regredienti
573 734 779 785 metuebantur.
825 730 862 785 ed

48 805 137 857 Cattis
148 802 222 853 adeo
233 802 400 867 improvisus
411 801 532 864 advenit,
545 808 586 866 ut,
605 803 681 871 quod
689 801 862 855 imbeciliu-

49 878 192 933 aetateac
201 884 281 934 sexu,
291 872 386 921 statim
397 876 506 937 captum
518 877 567 923 aut
575 874 743 925 trucidatum
754 874 799 924 sit.
818 873 871 937 iu,

47 948 149 995 ventus
160 940 267 993 flumen
277 939 416 991 Adranam
426 940 519 991 nando
528 943 698 1006 tramiserat,
713 942 863 994 Romanos·

47 1027 113 1080 que,
124 1016 244 1077 pontem
255 1010 420 1075 coeptantis,
430 1009 576 1062 arcebant:
587 1011 651 1063 dein
664 1014 810 1064 tormentit
820 1027 863 1065 aa·

47 1082 187 1149 gittisque
206 1078 288 1145 pulsi,
308 1080 423 1129 tentatis
438 1078 543 1130 frustra
557 1081 762 1133 conditionibus
777 1082 863 1147 pacis,

48 1166 112 1201 cum
133 1149 250 1217 quidam
270 1148 306 1198 ad
322 1147 518 1204 Germanicum
538 1148 733 1217 perfugissent,
752 1150 864 1218 reliqui,

50 1220 163 1272 omissis
176 1218 255 1285 pagis
265 1217 396 1284 vicisque,
416 1218 444 1267 in
456 1216 541 1268 siivas
552 1219 757 1287 disperguntur.
794 1222 864 1273 Cte-

49 1304 105 1350 sar,
125 1290 242 1339 incenso
257 1286 373 1348 Mattio,
392 1287 432 1349 (id
442 1286 521 1353 genti
530 1294 633 1354 capot)
642 1297 740 1355 aperta
749 1290 864 1356 popula·

49 1364 107 1419 tus,
125 1356 212 1409 vertit
223 1357 257 1407 ad
270 1354 410 1409 Rhenum:
430 1370 486 1409 non
498 1370 568 1407 auso
579 1356 660 1408 hoste
669 1363 751 1426 terga
760 1360 862 1411 abeun-

50 1430 122 1479 tium
133 1426 291 1488 laocssere3
311 1425 386 1492 quod
396 1425 439 1475 ilii
451 1427 545 1486 moris,
560 1428 689 1493 quotiens
700 1433 765 1478 astu
775 1428 865 1493 magis

50 1510 137 1566 quam
147 1508 200 1562 per
214 1494 390 1548 formidinem
401 1496 492 1548 cessit.
528 1494 634 1546 Fuerat
643 1497 753 1548 animus
762 1493 866 1546 cineru-

48 1567 116 1629 ecis,
137 1567 356 1616 iuvareCattos:
377 1564 427 1615 sed
437 1567 577 1616 exterruit
586 1565 713 1627 caecina,
732 1563 788 1615 buc
796 1563 867 1615 illuc

48 1635 253 1696 ferensarma3
276 1639 305 1685 et
316 1633 441 1698 Marsos,
461 1633 595 1701 congredi
614 1647 709 1698 ausos,
729 1645 866 1701 prospero
927 1679 937 1689 .

50 1704 164 1772 proelio
179 1701 311 1755 cohibuit.

101 1772 192 1831 Lvll.
212 1771 317 1839 Neque
328 1770 418 1824 multo
437 1777 501 1840 post
516 1773 603 1841 legati
617 1787 635 1823 a
649 1771 764 1840 Segeste
783 1787 865 1824 vene·

48 1848 127 1906 runt,
148 1841 292 1892 auxilium·
305 1847 417 1894 orantes
431 1841 563 1894 adversus
573 1846 628 1893 rim
637 1842 828 1909 popuiarium,
847 1855 866 1892 a

8 1933 12 1938 ·
49 1917 115 1980 quis
136 1911 406 1973 circumsedebatur3
426 1911 562 1964 validiore
577 1911 653 1977 apud
668 1927 716 1963 eos
730 1911 865 1973 Arminio,

48 1979 165 2049 quando
185 1979 291 2032 bellum
311 1981 455 2033 suadebat.
497 1979 569 2032 Nam
588 1982 731 2044 barbaris,
758 1986 864 2049 quanto

48 2053 113 2118 quis
126 2050 248 2101 audacia
256 2056 411 2117 promptus,
430 2055 509 2102 tanto
521 2052 614 2118 magis*
624 2051 705 2112 lidus,
725 2052 864 2118 rebusque

48 2123 135 2172 motis
155 2120 251 2186 potior
270 2117 397 2171 babetur.
438 2119 591 2172 Addiderat
609 2119 739 2186 Segestes
759 2119 862 2187 legatis

47 2189 150 2250 filium,
160 2191 274 2240 nornine
285 2187 497 2255 Segimundumi
513 2189 562 2241 sed
574 2191 682 2240 iuvenis
692 2189 865 2240 conscientia

49 2259 248 2310 cunctabatur.
264 2259 367 2326 quippe
377 2269 459 2320 anno,
469 2274 525 2325 quo
535 2258 703 2310 Germaniae
713 2257 864 2324 descivere,

49 2327 187 2379 sacerdos
196 2327 271 2393 apud
280 2329 362 2378 Aram
369 2327 504 2380 Vbiorum
515 2333 634 2389 creatus,
645 2333 761 2393 ruperat
769 2330 864 2390 vittas,

49 2395 191 2464 profugus
211 2396 250 2446 ad
268 2396 402 2448 rebelles..
423 2396 561 2448 adductus
575 2403 669 2448 tamen
679 2399 708 2446 in
718 2411 795 2464 spem
810 2397 865 2448 cie·
947 2407 953 2421 ¹

51 2467 177 2517 mantiae
186 2464 336 2528 Romanae,
355 2465 569 2532 pertulitzpatris
580 2467 723 2516 nrandata:
734 2467 867 2531 benigne-

52 2537 110 2602 que
122 2539 272 2600 exceptus,
293 2549 353 2586 cum
364 2535 653 2601 praesidioGaiiicam
665 2536 692 2583 in
705 2535 792 2598 ripam
804 2531 867 2579 mis-

51 2617 100 2655 sus
111 2609 165 2656 est.
196 2603 362 2655 Germanico
373 2603 492 2670 p‘retium
504 2604 567 2664 fuit,
578 2607 741 2654 convertere
753 2610 867 2668 agmen:

52 2670 870 2789 pugnatumqueinobsidentia,eterepmpspgestmmagm
890 2685 896 2700 ι
