2034 3025
75 67 225 125 maru.
240 64 458 120 cares-24.
479 64 634 133 [auva
653 65 792 135 ncne]
813 64 861 121 ιιι

57 262 111 317 que
127 259 222 297 servos
232 242 372 308 Lepidae,
392 257 455 291 cum
466 241 580 292 militari
591 240 720 291 custodia
729 238 863 295 baberen-

56 322 111 378 tur,
129 312 272 364 transtulit
288 311 323 362 ad
335 310 483 375 Consulem
503 325 594 378 neque
610 324 660 376 per
674 312 865 363 tormentalis·

56 385 195 451 terrogari
213 396 312 447 passus
327 387 370 432 est
385 380 421 431 de
437 379 494 443 bis,
514 394 587 445 quae
602 378 640 431 ad
656 378 769 433 domum
784 394 863 431 susm

54 455 237 523 pertinerent.
272 452 385 502 Exemit
398 451 483 501 ctiam
499 448 633 512 Drusum,
652 448 801 501 Consulem
818 448 865 501 de·

57 524 205 591 signatum,
220 519 357 571 dicendae
367 522 457 586 primo
467 518 529 571 loco
539 520 712 571 sententiae:
732 515 807 585 qdod
816 517 865 570 ald

56 591 137 644 civile
147 589 296 650 rebantur,
313 585 347 641 sie
361 588 459 641 ceteris
473 586 644 641 adsentiendi
652 587 800 641 necessitas
812 584 867 657 fis-

55 670 114 713 ret:
132 659 244 726 quidam
256 656 618 712 adsuevitiamtrahebant.
636 656 867 724 sequestrares·
946 686 951 693 ·

56 744 158 791 arruns,
172 726 227 780 nisi
237 726 383 779 damnandi
392 726 492 793 officio.

108 796 212 851 xxllr.
230 796 337 862 Lepida
346 797 475 848 ludorum
486 796 599 859 diebus,
619 799 665 864 qui
676 796 866 864 cognitionem

58 861 278 930 intervenerant,
288 865 431 919 theatrum
441 882 503 917 cuns
514 866 596 917 claris
608 863 718 919 feminis
728 869 865 935 ingresse,

58 938 261 989 lamentatione
281 934 368 987 flebili
392 935 508 987 maiores
528 950 590 987 suos
610 938 699 999 ciens,
728 934 867 1005 ipsumque

59 1004 232 1073 Pompeium,
252 1006 330 1057 cuius
341 1020 376 1057 ea
383 1011 566 1057 monumenta
576 1010 604 1057 et
615 1004 759 1077 adstantes
769 1006 867 1073 imagi·

59 1092 110 1128 nes
124 1074 297 1139 visebantur,
309 1079 420 1127 tantum
434 1074 642 1127 misericordiae
675 1077 808 1137 ermorit,
825 1080 866 1139 ut,

61 1144 143 1197 effusi
153 1145 183 1194 in
191 1143 338 1210 lacrymas,
348 1160 428 1197 saeva
438 1153 466 1195 et
476 1142 634 1196 detestanda
648 1088 764 1207 Sutrino
774 1144 867 1197 clami·

60 1219 165 1275 tarent,
184 1212 260 1263 cuius
270 1223 391 1267 senectae
402 1222 484 1282 atque
494 1212 618 1276 orditdts',
629 1222 656 1267 et
667 1212 867 1267 obscurissimae

63 1280 163 1344 dornui,
174 1282 308 1335 destinata
319 1282 534 1351 quondsmuxor
542 1282 576 1335 J..
591 1280 714 1347 Caesari,
725 1300 758 1335 oc
767 1283 807 1335 D.
814 1281 869 1335 Λιι-

60 1358 147 1420 gusto
157 1366 248 1416 nurus,
258 1352 411 1421 dederetur.
434 1353 498 1405 dein
507 1355 657 1406 tormentis
668 1368 812 1405 serrorum
823 1366 869 1417 ps·

63 1420 172 1472 tesacta
187 1431 251 1471 sunt
266 1421 382 1490 ilugitia,
399 1424 524 1488 itumque
538 1424 567 1471 in
583 1424 750 1473 sententiam
761 1420 885 1477 Rubellii.

64 1489 183 1552 Blandi,
202 1505 219 1540 a
230 1505 283 1557 quo
295 1507 367 1559 aqua
379 1498 463 1559 atque
474 1494 532 1559 igni
542 1491 700 1542 arcebatur.
728 1488 792 1542 huic
802 1490 873 1542 Dru·
911 1525 917 1532 -

64 1578 113 1614 sus
124 1559 259 1622 adsensit,
269 1576 433 1628 quamquam
444 1562 492 1612 alii
502 1562 598 1612 mitius
608 1562 790 1613 censuissent.
808 1561 873 1612 mox'
933 1557 936 1567 “

64 1629 255 1699 ὃοαιιιο,,ι1ιιὶ
267 1631 351 1682 tiliam
362 1645 398 1682 ex
408 1647 442 1683 ea
450 1635 599 1700 genuerat,
620 1631 728 1694 datum,
748 1645 784 1682 ne
799 1630 874 1682 bona

62 1699 282 1768 publicarentur.
317 1701 389 1751 'l'um
401 1701 512 1752 dennuni
524 1703 633 1766 aperuit
642 1701 786 1753 Tiberius:
804 1713 875 1752 com·

59 1777 175 1839 percum
185 1764 238 1818 sibi
247 1765 329 1820 etium
339 1787 374 1822 ex
382 1767 422 1822 Ρ.
435 1768 546 1833 Quirini
555 1770 649 1835 servis,
664 1786 764 1826 veneno
786 1783 874 1825 eume

62 1837 173 1906 Lepida
190 1836 326 1904 petitam.

118 1904 221 1958 XXIV.
231 1907 392 1958 Inlustrium
403 1907 535 1961 domuum
544 1910 662 1964 adversa
672 1913 786 1975 (etenim
797 1909 873 1964 haud

61 1977 185 2029 multum
196 1975 310 2040 distanti
320 1983 446 2044 tempore
458 1978 598 2045 Codpurnii
608 1981 752 2045 Pisonem,
762 1980 872 2033 Aemilii

61 2045 203 2113 Lepidam
219 2047 382 2110 amiserant)
400 2048 501 2100 solatio
518 2049 623 2102 adiecit
639 2052 674 2103 Β.
686 2050 811 2114 Silanus,
828 2050 873 2103 lu·

61 2119 130 2168 niae
152 2114 277 2170 familiae
284 2117 426 2169 redditus.
443 2133 538 2170 casum
553 2123 612 2171 eius
628 2124 723 2187 paucis
738 2126 872 2190 repetam.
904 2182 908 2188 ‚

61 2185 100 2238 Vt
116 2185 211 2236 valida
225 2185 261 2237 D.
275 2188 400 2254 Augusto
415 2188 444 2237 in
458 2187 668 2256 Rcmpublicam
682 2189 814 2259 tortum,
831 2191 874 2243 ita

63 2255 141 2306 domi
152 2256 315 2321 inprospera
324 2255 386 2318 fuit,
397 2255 432 2306 ob
443 2258 641 2324 impudicitiam
652 2259 726 2311 tiliae
736 2261 873 2328 acneptis,

62 2338 134 2391 quas
145 2323 216 2374 urbe
227 2324 341 2390 depulit,
355 2324 552 2394 adulterosque
563 2343 657 2380 earum
669 2336 759 2383 morte
770 2337 818 2382 aut
829 2329 871 2381 iu·

62 2392 103 2460 ga
110 2394 233 2460 punivit..
240 2396 305 2445 darn
315 2395 432 2461 culpam,
442 2395 516 2447 inter
524 2399 597 2450 uiros
608 2413 642 2450 ac
651 2397 768 2452 seminus
778 2400 872 2468 vulgar

61 2469 138 2527 tam,
159 2464 239 2531 gravi
255 2467 365 2516 nomine
381 2466 516 2518 laesorum
531 2467 693 2537 religionum
706 2485 740 2521 ae
753 2469 872 2522 violatae

62 2531 220 2584 maiestatis
241 2533 416 2600 adpellando,
435 2535 609 2589 clementiam
629 2541 775 2599 maiorum,
796 2551 874 2586 suae

62 2616 119 2670 que
138 2603 200 2670 ipse
219 2600 298 2672 leges
318 2605 536 2676 egrediebatur.
559 2605 615 2660 Sed
636 2609 756 2659 aliorum
770 2607 871 2668 exitus,
