2034 3025
149 121 199 202 roo
268 73 495 174 nonnarum
512 117 671 191 [suma
691 122 835 193 acea]

124 239 303 289 ,nonarmeu
324 228 776 295 nonrerumnovarumstudiunrj
800 225 957 282 amoresiu·

147 307 250 358 nemum,
270 303 297 348 et
305 295 500 362 inpudicitiam
506 299 600 362 nepoti
611 298 790 349 obiectabats
812 300 841 351 in
852 315 961 352 nurum·

149 381 185 418 ne
194 365 223 416 id
234 365 345 432 quidem
361 367 519 433 confingere
529 380 627 430 ausus,
656 366 850 436 adrogantiam
860 367 916 420 oris
926 377 956 421 et

149 442 331 488 contumacem
346 433 465 486 animam
479 433 636 502 incusavit,
656 449 757 503 magno
772 435 893 488 Senatus
907 453 954 504 po·

149 520 217 558 vore
226 519 259 555 ac
268 503 392 554 silentio:
413 504 501 556 donec
509 504 605 571 pauci,
629 506 691 574 quis
701 504 781 556 nulia
790 520 826 557 ex
835 505 954 560 honesto

149 589 223 642 spes,
242 576 283 636 (et
293 573 404 639 publica
414 573 488 624 mala
497 573 614 641 singuiis
622 574 652 624 in
662 575 835 626 occasionem
845 580 955 642 gratiae

149 643 309 704 trabuntur)
320 649 352 692 ut
361 642 526 714 referretur,
544 644 729 709 postulavere,
747 647 954 710 promptissimo

25 753 34 762 ,
80 772 82 778 ,
151 709 420 774 Cottaiiiessaiiiuo,
450 728 513 764 cum
521 713 611 764 atroci
621 713 772 764 sententia:
804 715 853 764 sed
864 715 957 767 aiiisa

150 781 331 849 primoribus,
350 783 778 850 maximequeamagistratibus,
797 783 956 850 trepidaba-

150 857 205 903 tur.
241 851 569 917 quippeTiberiusffltsi
582 851 842 916 indominicatus,
861 859 957 907 cetera

151 918 281 986 ambigua
290 919 453 989 reliquerat.
613 947 617 950 ·
959 952 963 957 ·

201 989 250 1041 lv.
269 988 335 1040 Fuit
344 993 372 1040 in
385 989 489 1043 Senatu
498 991 594 1044 Iunius
603 993 741 1056 Rusticus,
757 993 958 1063 componendis

49 1047 53 1058 ’
150 1057 264 1110 Patrum
275 1060 344 1111 actis
356 1060 479 1112 delectus
491 1077 508 1112 a
518 1063 645 1125 Caesare,
660 1077 749 1130 eoque
758 1063 958 1114 meditationes
982 1116 985 1120 A

151 1129 211 1180 sius
220 1129 403 1196 introspicere
418 1132 556 1183 creditus:
585 1134 621 1194 is,
650 1131 731 1182 iataii
744 1132 866 1200 quodam
877 1138 958 1184 motu

151 1201 255 1264 (neque
271 1200 343 1250 enim
358 1205 423 1251 anto
434 1203 571 1266 specimen
583 1202 756 1252 constantiae
766 1201 894 1264 dederat)
905 1218 958 1254 seu

151 1280 238 1334 prava
246 1266 376 1333 solertia,
401 1269 481 1332 dum,
504 1271 699 1334 inminentium
709 1271 827 1334 obiitus,
850 1273 959 1322 incerta

90 1375 91 1380 κ
150 1341 243 1402 pavet,
257 1337 381 1390 inserere
392 1353 421 1390 se
433 1339 631 1400 dubitantibus,
645 1354 678 1390 ac
686 1347 801 1392 mouere
812 1339 958 1403 consules,

151 1421 185 1458 rte
203 1405 363 1460 relationem
380 1407 552 1476 omnipotente
586 1408 806 1477 disserebatque,
834 1408 959 1460 orambim

53 1538 54 1541 Ἴ
152 1475 292 1529 momentis
302 1492 404 1529 samono
418 1477 491 1531 oerts'
499 1493 592 1546 poste,
620 1478 778 1548 quandoque
791 1477 960 1533 Germanis*

153 1544 246 1597 titiam
262 1546 447 1613 poenitentiae
467 1548 545 1601 senia
582 1546 672 1600 Simul
691 1550 824 1615 populus,
852 1548 960 1615 effigies

152 1616 321 1682 Agrippinae
336 1632 369 1669 ac
378 1616 498 1669 Neronis
509 1632 623 1685 gerens,
646 1618 832 1669 'circumsistit
843 1618 961 1680 curiam,

152 1682 288 1751 festisque
304 1688 331 1735 in
344 1687 490 1737 Caesarem
502 1687 654 1748 ominibus,
674 1686 768 1757 soleat
777 1686 902 1749 litteras,
932 1696 962 1739 et

156 1750 284 1821 Principe
294 1751 380 1807 inuito
391 1753 504 1806 exitium
514 1754 605 1804 dornm'
618 1753 676 1805 edat
684 1753 802 1815 intenti,
823 1753 962 1809 clamitat.

151 1822 194 1872 ita
207 1821 276 1873 nibil
285 1824 366 1875 triste
382 1822 431 1874 iilo
446 1822 490 1874 die
504 1829 655 1888 patratum.
689 1820 852 1874 ferebantur
862 1824 960 1893 etiam,

153 1891 204 1943 sub
216 1894 373 1943 nominibus
385 1892 593 1953 Consularium,
619 1892 701 1942 iictae
717 1892 745 1940 in
756 1889 887 1941 Seianum
897 1907 963 1945 sen·

151 1963 273 2024 tentiae3
293 1960 484 2013 exercentibus
495 1960 633 2026 plerisque
644 1960 856 2024 per'occuitum,
874 1966 961 2029 atquc

86 2050 91 2057 ¹
153 2043 187 2083 eo
197 2032 356 2095 procacius,
383 2029 528 2079 libidinem
542 2029 725 2095 ingeniorum.
759 2028 834 2081 unde
855 2028 897 2081 ilii
916 2033 961 2083 ira

102 2132 105 2135 -
152 2096 314 2161 uiolentior,
336 2105 364 2151 ot
374 2099 504 2150 materies
519 2098 695 2148 criminandi:
711 2106 833 2166 spretam
842 2098 961 2152 dolorem

152 2166 293 2234 Principio
308 2167 341 2220 ab
353 2168 471 2222 Senatu:
489 2165 628 2235 desciuisse
639 2170 784 2235 poputum.-
802 2166 962 2221 aads'riiam

153 2236 503 2305 etlegiaooasconcionet,
526 2235 874 2290 nooaPatramcomuita:
894 2237 963 2302 qaid

47 2308 50 2311 ’
152 2304 300 2371 reliquam,
319 2304 688 2378 nisiutcaperentferrumi
707 2314 750 2369 et,
770 2306 960 2373 puorams'mo·

79 2466 82 2480 ‚
149 2373 292 2497 {515ng
293 2376 404 2495 tragoediis
413 2376 499 2429 secati
502 2374 610 2447 foreat,
628 2372 960 2481 Duceoimporatoretqao

161 2532 165 2540 ·
204 2460 340 2581 {ts-igitur
350 2515 467 2579 Caesar,
487 2515 617 2581 repetitis
632 2516 781 2568 adversum
791 2518 920 2581 nepotem
931 2518 962 2565 et

94 2584 95 2587 ’
152 2596 254 2633 nurum
264 2585 381 2649 probris,
396 2586 585 2653 increpitaque
596 2601 647 2652 per
657 2586 779 2637 edictum
791 2585 880 2651 plebe,
895 2597 961 2649 que·

153 2656 213 2705 stus
223 2652 296 2721 apud
309 2653 422 2719 Patres,
443 2656 624 2728 qaodsroade
633 2655 713 2720 unias
724 2652 864 2720 Senatorio
875 2651 962 2719 Impe-
