2034 3025
157 120 210 174 272
235 117 388 175 annun.
404 121 669 190 ravennnae.
679 81 940 196 avernen]

210 225 284 278 LVI.
303 223 360 278 Sul
378 223 596 294 idem'ternpnr‚
623 229 701 279 inter
718 228 809 278 laeum
823 227 961 280 Fucinum

159 310 326 362 amnemque
336 295 426 356 Lirin,
446 299 581 361 perrupto
591 301 697 359 monte,
715 310 771 363 quo
781 298 963 364 magnificen-

70 377 77 383 ·
157 366 202 416 tia
212 367 305 431 operis
316 379 333 414 a
347 364 472 431 pluri'nus
486 365 641 426 viseretur,
669 364 732 415 luen
745 365 775 414 in
786 365 849 432 ipst
860 367 962 418 navale

68 431 71 436 '
94 483 95 488 ,
159 434 299 501 proelium
309 431 476 498 adornatum
489 437 523 482 ut
533 432 673 498 quondam
682 435 834 500 Augustus,
849 438 961 487 structe

159 503 201 554 eis
211 503 337 553 Tiberim
348 499 465 568 stagno,
478 500 530 552 aed
540 502 648 552 levibus
658 502 795 568 navigiis,
810 508 841 554 et
849 504 962 553 minore

155 567 242 638 'eopia
252 569 387 621 ediderat.
422 569 554 627 Claudius
568 571 701 622 triremes
711 569 962 638 quadriremesque
996 578 999 583 ’

161 647 191 691 et
199 637 373 704 undeviginti
385 636 528 689 huminum
538 639 767 701 milliaarmarit‚
788 641 962 691 cincturati-
998 646 1001 651 '

159 708 213 758 bus
223 707 344 768 ambitu,
373 705 721 774 neragaeilirgiaforent3
750 704 963 775 aetamersspa-

160 777 230 826 tium
242 774 396 840 amplexus,
405 775 440 826 ad
450 777 505 826 virn
514 777 636 844 remigii,
646 777 870 844 gubernantium
875 781 964 841 artes,

159 845 284 910 impetus
294 845 416 906 navium,
433 845 583 912 etproelio
595 846 689 896 solita.
716 847 747 895 in
757 846 867 897 ratibus
877 845 964 898 Prae·

159 911 964 981 toriarumcohortiummanipuliturmaequeadr'titerant,

152 978 330 1048 s'anteponitis
343 983 576 1050 propugnaculis,-
595 998 631 1034 ex
641 985 703 1050 quis
713 983 872 1049 catapultae
881 982 965 1034 balli·

160 1054 278 1116 staeque
288 1051 482 1102 tenderentur.
516 1051 635 1120 Reliqua
645 1052 964 1103 lacuselasaiariiteetis

160 1120 277 1170 navibus
288 1120 470 1172 obtinebant.
505 1120 591 1186 Ripae
607 1125 637 1173 et
651 1121 752 1184 eolles,
781 1121 965 1171 armentium

162 1185 251 1251 edita,
270 1189 300 1237 in
314 1185 425 1240 niodum
439 1187 545 1240 theatri
562 1188 713 1240 multitudo
729 1190 876 1240 innumera
889 1201 965 1238 eom·

160 1255 249 1324 plerit
268 1259 404 1322 proximis
420 1272 436 1308 e
453 1258 624 1323 municipiis,
655 1261 684 1309 et
698 1258 746 1308 alii
759 1259 831 1310 urbe
847 1271 882 1308 ex
891 1256 965 1322 ipra,

160 1325 270 1378 visendi
286 1325 415 1392 cupidine
431 1331 479 1378 aut
494 1326 587 1378 offioio
600 1328 631 1376 in
640 1325 810 1394 Principem.
844 1326 909 1391 lpse
923 1325 966 1374 in·

55 1403 60 1411 ¹
162 1394 237 1460 signi
248 1393 455 1460 paludamento,
467 1410 559 1465 neque
570 1396 666 1463 procul
677 1394 967 1476 Agrippinaehlamy·

157 1461 321 1528 deaurata,
339 1464 517 1532 praesedere.
552 1465 724 1535 Pugnatum,
743 1475 967 1535 quamquamnr·

29 1540 33 1556 ’
84 1566 90 1578 «
160 1540 330 1598 terrentes,
360 1534 475 1587 fortium
484 1538 609 1587 virorum
623 1538 798 1599 animatae,
822 1532 967 1602 postmul-

160 1609 221 1657 tum
231 1606 385 1666 vulnerum,
406 1603 543 1656 occidioni
554 1618 634 1655 exem
655 1606 764 1655 tiruut.

197 1672 280 1731 LVll.
299 1674 354 1725 Sed
366 1673 491 1739 perfeeto
502 1620 671 1737 apertarum,
690 1676 817 1737 apertum
828 1682 968 1737 aquarum

161 1744 226 1792 iter.
261 1742 374 1793 lneurie
384 1742 478 1807 operis
492 1738 723 1799 manifestatum,
753 1735 827 1787 haud
836 1739 909 1787 eatis
920 1737 969 1790 de-

160 1810 252 1877 prensi
265 1810 300 1860 ad
309 1811 385 1860 lacus
395 1812 452 1859 ima
462 1808 506 1858 rel
516 1805 618 1856 media.
633 1864 636 1869 ,
653 1807 765 1871 quue,
784 1810 914 1869 tempure
924 1808 969 1857 in·

162 1880 297 1939 terieeto,
325 1878 409 1935 altius
425 1874 520 1927 effossi
531 1888 631 1938 specus
642 1879 672 1924 et
681 1871 891 1924 contrahendae
905 1887 969 1926 rur·

161 1944 214 1997 sus'
233 1942 407 1996 multitudini
431 1944 619 2011 gladiatorum
644 1942 831 2009 spectaculum
861 1942 968 2005 editur,

154 2012 259 2069 ,inditis
279 2013 413 2080 pentibus
437 2011 598 2079 pedestrem
619 2010 655 2061 ad
673 2024 805 2078 pugnam.
841 2010 916 2071 Quin
935 2018 968 2062 et

37 2130 41 2139 ,
77 2102 80 2107 ·
161 2083 330 2144 convivium,
355 2080 464 2133 effluvio
474 2080 552 2131 laeui
562 2078 734 2146 adpositum,
757 2078 968 2147 magnatomi-

161 2150 226 2207 dine
238 2156 353 2211 cunctos
364 2150 482 2213 adferit3
503 2150 570 2217 quia
578 2151 621 2201 ria
633 2164 768 2217 aquarum
779 2162 966 2216 prorumpere

160 2222 290 2287 proxima
300 2216 446 2281 trahebat,
470 2219 610 2270 conuulsis
621 2219 819 2279 ulterioribus,
848 2215 966 2267 autfra-

140 2300 144 2305 ·
160 2302 229 2407 fiere
242 2295 271 2340 et
281 2291 375 2341 sonitu
394 2290 549 2341 exterritis.
586 2286 674 2339 Simul
684 2289 849 2355 Agrippina,
878 2286 966 2350 trepi-

76 2398 81 2405 .
179 2360 275 2409 atione
287 2357 497 2426 Principirusa,
527 2360 687 2409 ministrum
699 2359 793 2424 operis
802 2354 966 2406 Narcissum

159 2428 271 2478 incusat
281 2426 413 2493 cupidinis
423 2441 456 2489 ae
462 2427 637 2494 praedurum.
674 2440 726 2478 nee
734 2426 782 2476 ille
793 2424 904 2484 reticet,
924 2420 965 2473 irr-

144 2494 149 2501 '
156 2496 309 2565 potentiam
317 2492 472 2550 rnuliedr'em
482 2494 631 2561 nimiaeque
641 2511 699 2562 rper
709 2494 766 2547 einr
776 2506 907 2559 arguens.

211 2564 311 2619 LVlll.
330 2566 467 2639 D.,lunie,
483 2566 517 2629 Q.
528 2566 730 2628 llaterio‘eese.
740 2561 964 2615 redecim'arurur

152 2640 244 2701 *natus
254 2632 501 2701 Nero-Octavian,
523 2636 653 2687 caeraris
664 2634 763 2699 liliam,
775 2634 810 2700 in
821 2629 965 2680 matrimo-

886 2846 909 2904 ΙΙΙ
960 2840 963 2846 ¹
