2034 3025
124 148 485 206 blaniacum-ao.
503 146 785 216 [numanum]
819 147 871 200 125

68 222 874 246 ,...-..-.--..-...-.--.

65 257 144 323 gredi
155 254 271 316 hostem,
281 257 391 303 tantum
400 266 450 317 per
459 252 579 315 spatium
590 264 671 298 cursu
683 253 712 299 et
721 249 869 314 pugnando

66 327 177 375 fassum.
213 323 299 375 Forte
311 321 390 382 uicti,
410 318 483 370 baud
497 318 616 383 perinde
632 317 714 367 rebus
729 318 869 382 prosperis

65 395 172 445 Ducem
188 392 429 451 desideraverant,
455 389 576 454 atquein
588 386 711 437 adversis
721 385 817 437 deesse
829 388 867 435 in-

65 463 236 531 telligebant.
273 459 423 512 Nutantem
434 459 521 508 aciem
531 458 620 506 victor
631 454 770 521 equitatus
778 456 868 505 incur·
884 490 886 495 -

63 540 119 584 satt
139 538 167 583 et
177 530 327 598 Vipstanus
336 527 479 590 Messalla,
497 526 648 586 Tribunus,
666 538 728 574 oum
739 524 868 579 Moesicis

64 601 244 653 auxiliaribus
272 598 441 664 adsequitur,
459 610 528 663 quos
550 593 670 644 militiae
698 593 884 660 legionariis,'

64 670 230 734 quamquam
251 668 351 733 raptim
372 665 484 726 ductos,
506 664 670 731 aequabant.
706 662 748 713 lto
767 663 868 711 mixtus

62 738 149 806 pedes
161 750 300 804 equesque
311 748 412 801 rupere
424 734 563 800 legionum
575 746 683 799 agmen.
712 733 749 783 Et
759 732 868 797 propin·
932 764 936 770 ,

65 823 120 875 qua
129 807 354 857 Cremonensium
365 805 481 865 moenia,
500 807 604 869 quanto
615 801 677 867 plus
687 800 792 866 speiad
803 798 869 851 effn-

64 878 154 945 gium,
173 881 252 927 tanto
267 876 401 927 minorem
416 872 453 925 ad
464 866 805 929 insistendumanimum,
823 869 869 921 da·

64 949 140 998 bant.
673 952 677 957 ‘

115 1014 189 1065 xix.
225 1009 285 1065 Nec
294 1014 433 1065 Antonius
443 1011 518 1061 ultra
527 1010 638 1073 institit,
648 1024 755 1063 memor
766 1009 869 1061 laboris

63 1100 98 1149 nc
117 1084 279 1145 vulnerum,
306 1083 406 1148 quibus
425 1087 484 1131 tam
505 1094 606 1145 anceps
627 1080 726 1145 proelii
747 1078 869 1140 fortuna,

64 1154 190 1221 quamvis
206 1166 340 1218 prospero
350 1153 419 1213 fine,
437 1151 545 1216 equites
561 1162 701 1217 equosque
714 1146 869 1200 adflictare·

62 1228 119 1275 rat.
153 1222 332 1273 inumbrante
345 1233 461 1287 vespera
476 1221 636 1271 universum
650 1218 777 1285 'Flaviani
792 1232 869 1269 exer·

63 1294 135 1344 citus
146 1292 232 1343 robur
243 1291 364 1342 advenit.
402 1288 493 1357 thue
507 1289 633 1340 cumuios
643 1303 726 1355 super
738 1294 766 1339 et
775 1302 870 1338 recon-

63 1363 105 1413 tia
115 1361 200 1411 caede
214 1361 332 1426 vestigia
344 1361 492 1421 incessere,
511 1358 589 1425 quasi
604 1357 777 1408 debellatum
785 1355 869 1416 foret,
939 1399 941 1401 .

59 1434 176 1496 pergere
188 1426 364 1490 'Cremonam
382 1435 409 1477 et
424 1427 509 1479 uictos
524 1426 553 1477 t’n
568 1425 729 1477 deditionem
739 1423 869 1491 accqtere,
890 1466 895 1478 .

64 1505 116 1550 aut
124 1510 290 1565 expugnare,
309 1496 469 1562 deposcunt.
500 1490 621 1547 Haecin
631 1492 737 1557 medio,
749 1491 870 1560 ,pulchra

64 1567 150 1618 dictu.
183 1566 238 1616 Illa
247 1566 298 1615 sibi
313 1567 437 1633 quisque,
446 1564 528 1616 Paete
542 1563 674 1616 coloniam
684 1565 768 1630 plano
787 1563 868 1614 eitam

62 1635 158 1701 inpetu
166 1634 236 1700 capi.
272 1632 345 1687 Idem
353 1633 485 1684 audaciae
496 1649 547 1698 per
557 1631 679 1683 tenebras
692 1631 868 1698 ''inrumpenti-

64 1703 123 1766 bus,
140 1711 168 1754 et
186 1701 316 1755 maiorem
333 1701 456 1769 rapiendi
472 1700 616 1752 licentiam.
644 1701 723 1766 -quod
740 1700 765 1750 si
783 1703 868 1753 iucem

64 1772 252 1840 opperiantur,
269 1772 324 1822 iam
331 1786 432 1837 pacem,
449 1769 504 1821 iam
512 1785 609 1836 ,preces
620 1778 657 1832 et,
671 1785 724 1836 pro
734 1768 825 1822 labore
835 1787 868 1822 ac

63 1841 230 1904 uulneribus,
246 1839 416 1909 clementiam
431 1849 459 1891 et
469 1839 603 1906 gloriam,
621 1838 730 1901 inania,
745 1841 867 1891 taturus:

65 1912 180 1978 aetiopes
193 1903 450 1962 Cremonensium‘in
459 1908 521 1959 sinu
530 1907 741 1980 Praefectorum
750 1907 868 1978 Legato-

63 1995 175 2044 rumque
177 1978 254 2050 fam
286 1976 691 2046 -Expugnataeurdiepraedam
702 1977 867 2043 admilitem,

64 2048 170 2100 deditae
184 2043 222 2099 αἲ
235 2044 324 2099 Duces
329 2053 337 2111 ,
353 2046 498 2116 pertinere.
535 2044 710 2110 Spernuntur
724 2047 868 2099 centurio·

65 2125 114 2168 nes
124 2117 305 2184 Tribunique,
315 2129 469 2179 aeneum(
479 2115 639 2181 cuiusquam
650 2111 791 2181 audiatur,
802 2133 867 2185 qua·

58 2187 141 2235 -tiunt
150 2199 236 2245 arma,
254 2188 361 2252 rupturi
369 2185 528 2250 imperium,
539 2185 573 2234 mi
585 2185 729 2235 ducantur.

119 2255 180 2305 XX.
207 2254 287 2303 ''l'um
299 2255 446 2315 Antonius,
465 2256 590 2304 inserens
600 2269 629 2304 se
641 2254 803 2319 manipulis,
819 2253 866 2306 ubi

66 2322 199 2388 adspectu
210 2328 239 2373 et
252 2324 419 2373 auctoritate
433 2321 574 2374 silentium
590 2321 706 2374 feceratt
726 2339 779 2375 non
788 2339 815 2375 ee
826 2325 868 2375 de·

67 2407 124 2453 cus,
141 2405 224 2456 neque
232 2391 351 2456 pretium
360 2391 463 2456 er'ipere
475 2389 605 2442 tam'bcne
616 2390 730 2453 meritis,
740 2392 867 2444 adfirma-

67 2463 129 2523 bat;
146 2461 194 2511 ced
202 2459 287 2510 divisa
298 2461 371 2512 inter
384 2459 533 2541 exqre'itum
543 2456 684 2525 Ducecque
694 2459 801 2512 munia:
819 2460 867 2510 mi·
914 2461 918 2470 '

67 2530 160 2581 litibus
178 2528 327 2595 cupidinem
343 2528 485 2597 pugnandi
500 2529 658 2590 conuenire;
676 2526 766 2579 Dacer
776 2527 868 2594 proui-

68 2598 161 2662 dendo,
179 2599 361 2660 consultando,
379 2598 551 2650 cunctatione
565 2597 682 2665 saepiat,
699 2605 867 2663 quamteme·

67 2667 162 2730 ritate,
169 2667 300 2734 prodesse.
342 2665 378 2721 Vt
383 2684 435 2736 pro
444 2665 521 2718 antii
526 2666 662 2734 portione,
676 2664 759 2718 armis
769 2681 802 2716 ac
811 2679 866 2716 mu·

262 2814 282 2841 X

56 2865 135 2909 —.¹
