2034 3025
49 113 220 172 mnxn.
240 114 457 168 onena-aa
477 115 636 182 [nune
652 113 792 182 econ]
814 112 869 170 aaa

50 219 183 274 Caesaris
193 220 297 288 nuptiir
307 223 428 274 consulto
439 219 585 273 reticebat:
595 221 705 271 addidit
712 217 867 286 perniciora

47 291 79 344 in
93 289 191 358 Remp.
207 289 332 354 coneilio,
354 299 382 342 et
397 287 538 342 materiem
552 288 648 342 sceleri
662 286 866 340 deiraham.

49 359 157 423 Proin,
172 359 324 427 publicatis
333 358 417 422 bonit,
428 360 535 412 eederet
544 357 639 412 ltalia.
674 357 720 410 lta
730 356 868 424 quiuqua-

50 433 114 498 gies
125 431 300 492 sestertium,
313 443 347 480 ex
353 430 453 498 opibus
464 429 610 492 inmensis,
622 427 714 498 exsuli
725 425 865 478 relietum.

51 503 87 551 Et
98 499 252 566 Calpurnia
263 499 394 560 inlustris
405 497 512 550 semina
524 498 712 567 pervertitur,
731 496 799 564 quia
809 493 866 546 ior·

51 585 124 620 mum
141 569 202 620 eius
218 568 383 619 laudaverat
398 567 550 636 Princeps,
569 568 646 620 nulla
663 565 797 626 libidine,
814 561 867 615 sed

52 639 175 690 fortuito
186 653 328 698 sermone.
355 636 430 688 unde
441 637 483 688 sis
493 639 666 705 Agrippinae
682 641 757 688 citra
766 633 868 686 ultima

52 709 144 759 stetit.
180 707 213 758 ln
225 707 346 758 Lolliam
357 707 482 760 mittitur
490 709 669 770 Tribunum
680 722 736 775 qno
745 703 783 758 ad
793 715 868 756 nior·

52 783 110 828 tem
128 775 304 843 adigeretur.
340 775 498 830 Damnatus
514 785 545 829 et
557 777 623 845 lege
642 773 867 848 repetundarum

54 846 159 900 Cadius
168 845 267 908 Rufus,
287 847 484 899 accusantibus
495 847 639 914 Bithynis.
915 863 921 868 ·

104 915 207 967 XXlll.
228 915 338 967 Galliae
349 915 545 982 Narbonensi,
563 918 600 968 ob
615 915 760 985 egregiam
775 913 804 966 in
814 909 867 966 Pa·

52 989 112 1036 tres
123 985 323 1048 reverentiam,
340 985 446 1049 datum,
462 995 493 1037 ut
505 985 681 1039 senatoribus
691 985 749 1037 eine
756 981 868 1051 pronia-

52 1055 119 1118 eine,
130 1071 185 1108 non
196 1053 332 1122 exprrinitn
343 1053 484 1124 Principis
495 1055 722 1119 sententin,iure,
736 1070 788 1124 quo
799 1051 868 1104 Sici·

53 1123 90 1176 lio
101 1121 258 1188 laniaretur,
269 1138 312 1175 ree
323 1138 389 1175 nnat
396 1123 513 1178 inrisere
522 1125 626 1178 liceret.
661 1125 825 1191 Ituraeique
837 1127 868 1174 et

54 1191 166 1256 ludaei,
188 1193 473 1262 deiurmtisllegibus,
493 1193 616 1248 Sobemo
631 1200 718 1264 atque
732 1194 868 1262 Agrippa,

54 1264 217 1330 provinciae
229 1261 330 1330 Syriae
342 1263 441 1316 additi.
477 1261 584 1318 Salutis
602 1267 769 1333 augurium,
787 1263 869 1330 quin'·
925 1271 931 1278 ’

56 1347 112 1400 que
124 1337 153 1382 et
162 1334 266 1400 viginti
277 1333 360 1385 annis
371 1335 516 1397 omissum,
531 1338 633 1402 repeti,
648 1349 681 1386 ac
690 1333 793 1386 deinde
804 1347 869 1384 con·

53 1401 172 1464 tinuari,
184 1403 327 1470 placitum.
354 1403 392 1456 Et
402 1405 560 1470 pomerium
570 1405 651 1455 auxit
661 1405 779 1464 casseu,
788 1413 869 1453 mora

53 1473 164 1542 prisco;
185 1489 240 1541 qno
251 1473 297 1537 iis,
318 1473 366 1541 qui
378 1472 523 1541 protulere
535 1472 698 1540 imperium,
714 1473 800 1523 etiam
812 1477 870 1522 ter·
952 1489 958 1504 =

54 1544 148 1595 minos
158 1544 237 1595 urbis
248 1557 407 1611 propagare
418 1542 510 1594 datur.
533 1542 594 1595 Nec
604 1548 699 1594 tamen
710 1539 805 1592 Duces
815 1540 870 1592 Ro·

53 1614 142 1675 mani,
154 1629 322 1681 quamquam
333 1612 446 1681 magnis
457 1613 621 1665 nationibus
632 1612 771 1673 subactis,
790 1623 870 1663 usur·
943 1683 946 1688 Δ

53 1690 207 1752 paverant,
223 1684 277 1734 nisi
289 1682 321 1733 1..
334 1681 412 1735 Sulla
423 1684 497 1735 etl).
508 1684 661 1752 Augustus.

108 1752 212 1806 XXIV.
235 1752 344 1821 Regum
365 1754 394 1803 in
411 1768 445 1807 en
466 1756 585 1807 ambitio
604 1753 650 1805 vel
668 1752 773 1821 gloria,
791 1749 870 1806 varic

54 1822 182 1891 iulgata.
219 1822 274 1893 Sed
286 1824 398 1874 initium
410 1824 559 1887 condendi,
571 1832 610 1888 et,
627 1824 701 1891 quud
711 1823 871 1889 pomerium

54 1892 193 1945 Romulus
214 1894 356 1959 posuerit,
376 1908 506 1957 noscere,
526 1892 601 1945 haud
621 1892 774 1946 absurdum
793 1908 870 1945 reor.
903 1950 907 1955 ,

53 1962 150 2031 Igitur
161 1976 178 2011 a
188 1960 251 2015 soro
266 1964 382 2026 boario,
401 1964 450 2015 ubi
468 1980 582 2017 aereum
597 1964 673 2016 tauri
688 1963 870 2016 simulacrum

55 2032 244 2099 adspicimus,
263 2034 330 2105 quia
344 2032 373 2083 id
384 2048 473 2101 genus
488 2035 650 2087 animalium
666 2044 762 2087 aratro
777 2034 872 2087 subdi·

55 2109 105 2155 tur
111 2139 120 2166 ,
142 2102 235 2155 sulcus
250 2100 419 2170 designandi
435 2105 530 2172 oppidi
547 2111 679 2171 coeptus,
696 2110 870 2172 utmaguam

44 2170 191 2225 'Herculis
213 2188 290 2223 aram
311 2172 540 2240 amplecteretur.
575 2173 643 2226 lude
663 2176 750 2227 certis
769 2174 870 2241 spatiis

57 2242 204 2295 interiecti
216 2242 324 2311 lapides
331 2280 339 2306 ,
358 2256 410 2309 per
424 2244 482 2294 ima
496 2244 603 2295 montis
614 2242 782 2296 Palatini-ad
792 2258 871 2295 aram

59 2312 161 2375 Consi,
180 2326 246 2362 urox
256 2312 294 2363 ad
307 2314 400 2363 curias
411 2317 537 2375 veteres,
555 2319 616 2365 tum
626 2311 670 2364 ad
672 2314 805 2373 sacellum
818 2312 872 2365 La·

56 2384 146 2451 rium:
164 2378 314 2449 forumque
325 2383 481 2433 Romanum
498 2391 528 2434 et
543 2384 707 2449 capitolium
719 2399 776 2435 non
787 2398 804 2434 a
814 2384 869 2435 llo·

57 2452 151 2515 mulo,
169 2451 221 2503 sed
230 2466 247 2503 a
257 2454 289 2505 Τ.
301 2452 385 2503 Tatio
397 2450 524 2503 additum
534 2454 597 2509 urbi
609 2453 764 2505 credidere.
801 2452 870 2504 Mox

38 2560 45 2577 .
57 2520 111 2590 prb
122 2520 240 2573 fortuna
250 2518 540 2589 pomerium'auutum.
574 2523 621 2585 ut,
636 2538 707 2589 quos
717 2530 777 2574 tum
788 2522 870 2571 Clau-

58 2592 122 2644 dius
141 2592 280 2643 terminos
299 2592 442 2657 posuerit,
464 2592 548 2645 facile
566 2592 682 2659 cognitu
701 2596 732 2643 et
749 2588 870 2657 publicis

58 2663 132 2717 actis
141 2662 339 2729 perscriptum.
377 2724 378 2727 Ἰ
792 2690 798 2697 -
928 2676 932 2680 ·
