2034 3025
5 172 6 175 Ἴ
162 87 264 188 aL
292 58 681 163 ruulurvmrsuqcn
702 57 842 161 somn]
875 136 878 139 .

163 206 237 251 ctae:
255 197 403 265 milesque,
419 190 495 249 nullo
506 198 564 249 illic
575 196 715 249 hominum
725 198 817 259 cultu,
832 197 908 249 fame
917 200 964 250 ab·

163 272 302 332 sumptus,
322 267 374 319 nisi
389 281 458 334 quos
474 281 593 332 corpora
606 282 753 333 equorum,
773 268 869 318 eodem
885 267 964 328 elisa,

162 336 357 402 toleraverant.
389 336 449 387 solo
468 331 624 387 Germanici
646 336 769 386 triremis
788 334 962 387 Glraucorum

163 410 265 456 terram
277 404 398 469 adpulit,
412 419 493 472 quem
504 419 553 471 per
564 418 658 455 omnes
666 402 732 460 illos
742 404 802 455 dies
812 410 963 471 noctesque

162 473 235 539 opud
249 473 380 539 scopulos
395 480 424 525 et
437 475 618 539 prominentis
627 487 703 534 oras,
723 488 785 523 cum
796 489 823 523 re
834 474 910 525 tanti
920 490 963 524 ex·

162 540 209 595 itii
220 557 294 593 reum
305 541 471 603 clamitaret,
486 544 532 592 vix
542 540 690 610 cohibuere
701 543 795 605 amici,
805 556 861 609 quo
871 542 963 591 miuus

163 610 260 663 eodem
274 612 346 661 mari
361 616 513 677 oppeteret.
547 610 832 674 Tandcmrelabente
844 615 965 661 aestuet

142 676 143 679 ’
162 680 334 731 secundante
344 686 426 730 vento
436 678 645 729 claudae'nares
654 693 719 728 raro
729 678 854 745 remigio,
864 684 916 727 aut
924 680 965 727 iu·

164 748 249 799 tentis
268 750 401 809 restibus,
426 754 455 799 ci
469 748 604 813 quaedam
620 761 637 795 a
650 746 828 797 validioribus
846 752 965 806 tractae,

164 820 317 869 revertere:
338 832 405 882 quas
411 818 520 881 „raptim
531 815 649 867 refectas
659 817 745 876 misit,
764 819 796 865 ut
805 820 965 865 scrutaren-

163 890 211 934 tur
224 883 336 934 insulas.
356 884 465 935 collecti
480 899 514 935 ca
523 900 590 936 cura
597 884 736 950 plerique:
757 883 966 950 multosrlngri-

165 952 235 1001 rarii
247 968 333 1017 nuper
343 954 370 1003 iu
381 952 462 1003 fidem
474 954 592 1017 accepti,
611 952 770 1017 redemptos
781 953 815 1001 ab
825 953 967 1002 interiori-

101 1075 105 1081 ,
166 1022 216 1073 bus
226 1020 384 1072 reddidere:
395 1022 505 1088 quidam
516 1024 543 1071 in
554 1021 726 1076 Britanniam
737 1022 819 1085 rapti,
830 1026 858 1070 et
868 1022 966 1071 remis·
1014 1031 1015 1034 ’

164 1090 188 1139 si
205 1104 221 1138 a
235 1088 347 1155 regulis.
383 1088 419 1139 Vt
428 1092 489 1168 quis
500 1104 534 1140 ex
544 1090 694 1156 longinquo
704 1094 861 1157 resonem,
881 1089 966 1139 rnira·

163 1158 225 1209 culo
236 1158 399 1218 narrabant,
419 1174 471 1209 vaur
483 1158 634 1220 turbinum,
648 1167 676 1208 et
684 1156 824 1209 inaudita·
833 1157 964 1219 volueret,

163 1234 283 1277 monstro
298 1224 396 1288 uraris,
416 1226 557 1293 arrrdiguor
567 1225 702 1277 bominum
712 1233 740 1276 et
750 1224 966 1297 delluaromfor·

62 1292 79 1339 .'
140 1336 143 1341 ,
163 1309 237 1353 occu
257 1296 328 1355 risa,
339 1296 394 1345 sive
406 1309 440 1345 ex
450 1301 526 1346 metu
536 1296 650 1345 credita

175 1380 176 1387 ¹
216 1362 304 1415 XXV.
323 1362 377 1414 Sed
388 1361 463 1413 fama
474 1363 570 1414 classis
580 1364 711 1425 amissae,
720 1369 752 1414 ut
763 1362 918 1414 Germanos
928 1361 964 1415 ad

165 1445 242 1498 spem
256 1430 339 1493 belli,
356 1432 396 1482 ita
407 1432 789 1484 Caesaremadcoercendum
799 1433 896 1483 erexit
934 1432 964 1484 C.
1014 1461 1015 1464 =

29 1517 33 1526 ·
120 1497 124 1503 ’
166 1500 233 1554 Silio
249 1517 310 1562 cum
324 1502 440 1568 triginta
450 1501 573 1568 peditum
580 1538 588 1564 ,
607 1499 698 1554 tribus
708 1500 830 1569 equitum
840 1489 967 1552 millibus
1014 1518 1015 1525 ¹

163 1570 206 1622 ire
219 1571 248 1620 in
259 1571 354 1632 Cattos
368 1572 499 1636 imperat:
519 1573 579 1636 ipse
593 1572 741 1623 maioribus
757 1572 843 1636 copiis
853 1571 966 1621 Marsos
1014 1602 1016 1611 »

165 1641 310 1705 inrumpit:
331 1653 448 1705 quorum
462 1639 519 1689 dux
529 1638 727 1703 Malorendus,
741 1640 874 1706 uuperin
889 1639 965 1690 dedi·
1014 1692 1015 1703 ,

163 1710 270 1758 tionem
281 1713 424 1771 acceptus,
439 1706 592 1776 propinquo
606 1711 666 1760 luco
680 1710 813 1780 &fossant
828 1705 967 1760 Varium

164 1774 278 1895 {cirionis
298 1773 416 1841 aquilam
434 1775 536 1826 modico
551 1776 689 1843 praesidio
708 1777 826 1840 rusori,
854 1776 964 1827 indicat

142 1859 147 1862 ·
197 1845 252 1893 isra
262 1841 399 1908 extemplo
410 1858 520 1906 uranus,
542 1861 612 1912 quae
627 1846 735 1899 hostem
750 1843 768 1898 a'
781 1847 874 1897 fronto
885 1843 966 1896 elica-
1014 1890 1015 1893 ,

164 1918 222 1976 sot3
240 1911 297 1974 alii,
317 1911 372 1979 qui,
392 1917 435 1964 ter
456 1928 472 1962 a
492 1916 701 1982 circumgressi,
720 1915 897 1967 recluderent
917 1912 967 1964 bu-

164 1995 252 2033 mum:
272 1986 300 2032 et
310 1982 433 2048 utrisque
462 1981 535 2033 dfuit
545 1982 666 2035 fortuna.
691 1998 725 2035 eo
735 1980 888 2050 promptior
898 1983 965 2034 Coo-

76 2067 79 2072 ⁴
164 2064 211 2102 sar
221 2050 311 2118 pergit
319 2052 471 2113 introrsus,
487 2051 647 2118 populatur,
657 2053 793 2106 exscindit
802 2068 857 2102 nou
866 2067 966 2104 ausum

165 2120 296 2187 congredi
316 2118 435 2182 hostem,
455 2126 513 2181 aut,
531 2122 617 2172 sicubi
632 2123 781 2184 restiterat,
800 2122 895 2172 statim
905 2121 967 2189 pul·

164 2203 239 2251 sum3
251 2204 302 2240 uec
311 2203 432 2255 unquam
443 2189 540 2254 magis,
550 2197 583 2241 ut
592 2205 627 2242 ex
637 2192 794 2254 captivisco
833 2191 902 2240 itum
914 2197 966 2252 est,

164 2263 316 2377 sanantem.
353 2259 458 2322 Quippe
472 2257 594 2321 invictos,
614 2257 796 2311 etnullireosi
814 2274 967 2327 cromeru-

146 2338 152 2343 ·
182 2326 229 2377 iles
238 2325 372 2378 Roruarroc
384 2326 588 2392 praedicabant,
607 2327 654 2395 qui
659 2329 769 2396 perdita
779 2329 872 2391 classe,
887 2327 969 2378 amir·

162 2395 200 2445 sis
210 2395 307 2457 ermis,
325 2403 387 2462 post
400 2403 543 2447 constrata
558 2411 687 2461 equorum
695 2397 866 2465 virorumque
876 2412 969 2463 corpo

163 2463 238 2514 ribus
248 2463 339 2525 litora,
349 2464 439 2515 eodem
448 2463 560 2527 virtute,
567 2464 755 2538 parifsrocr'a‚
765 2475 792 2518 et
801 2464 970 2518 celutiorrcti

150 2543 273 2584 selimero
283 2530 457 2598 inrupissent.

215 2599 313 2653 XXVl.
331 2597 473 2655 Reductus
491 2601 556 2656 indo
573 2605 603 2655 in
623 2600 739 2656 hiberna
758 2605 852 2666 miles,
876 2603 971 2656 laetus
