<?xml version="1.0" encoding="UTF-8"?>
<!DOCTYPE html PUBLIC "-//W3C//DTD XHTML 1.0 Transitional//EN"
    "http://www.w3.org/TR/xhtml1/DTD/xhtml1-transitional.dtd">
<html xmlns="http://www.w3.org/1999/xhtml" xml:lang="en" lang="en">
 <head>
  <title>
</title>
<meta http-equiv="Content-Type" content="text/html;charset=utf-8" />
  <meta name='ocr-system' content='tesseract 3.04.00' />
  <meta name='ocr-capabilities' content='ocr_page ocr_carea ocr_par ocr_line ocrx_word'/>
</head>
<body>
  <div class='ocr_page' id='page_1' title='image "./ccorneliitaciti00socigoog_0489.png"; bbox 0 0 2034 3025; ppageno 0'>
   <div class='ocr_carea' id='block_1_1' title="bbox 134 87 954 274">
    <p class='ocr_par' dir='ltr' id='par_1_1' title="bbox 134 87 954 274">
     <span class='ocr_line' id='line_1_1' title="bbox 136 87 691 156; baseline -0.007 0"><span class='ocrx_word' id='word_1_1' title='bbox 136 102 173 156; x_wconf 77' lang='lat' dir='ltr'>ss</span> <span class='ocrx_word' id='word_1_2' title='bbox 265 87 267 92; x_wconf 86' lang='grc'><strong>’</strong></span> <span class='ocrx_word' id='word_1_3' title='bbox 387 99 691 154; x_wconf 77' lang='lat' dir='ltr'>nrsroatnavra</span> 
     </span>
     <span class='ocr_line' id='line_1_2' title="bbox 134 192 954 274; baseline -0.002 -16"><span class='ocrx_word' id='word_1_4' title='bbox 134 215 195 274; x_wconf 81' lang='lat' dir='ltr'>put.</span> <span class='ocrx_word' id='word_1_5' title='bbox 225 201 283 256; x_wconf 80' lang='lat'>&#39;92</span> <span class='ocrx_word' id='word_1_6' title='bbox 301 203 398 256; x_wconf 80' lang='lat' dir='ltr'>Manio</span> <span class='ocrx_word' id='word_1_7' title='bbox 411 202 524 269; x_wconf 74' lang='lat' dir='ltr'>imperii</span> <span class='ocrx_word' id='word_1_8' title='bbox 540 192 656 264; x_wconf 70' lang='lat' dir='ltr'>Goaria«</span> <span class='ocrx_word' id='word_1_9' title='bbox 671 220 704 256; x_wconf 84' lang='lat' dir='ltr'>oe</span> <span class='ocrx_word' id='word_1_10' title='bbox 718 201 821 266; x_wconf 64' lang='lat' dir='ltr'>Volent</span> <span class='ocrx_word' id='word_1_11' title='bbox 835 204 954 258; x_wconf 74' lang='lat' dir='ltr'>obeunt.</span> 
     </span>
    </p>
   </div>
   <div class='ocr_carea' id='block_1_2' title="bbox 138 269 958 1228">
    <p class='ocr_par' dir='ltr' id='par_1_2' title="bbox 138 269 958 1228">
     <span class='ocr_line' id='line_1_3' title="bbox 145 269 955 336; baseline -0.002 -10"><span class='ocrx_word' id='word_1_12' title='bbox 145 271 252 326; x_wconf 81' lang='lat' dir='ltr'>Vitellio</span> <span class='ocrx_word' id='word_1_13' title='bbox 266 271 437 326; x_wconf 73' lang='lat' dir='ltr'>auctoritatis</span> <span class='ocrx_word' id='word_1_14' title='bbox 447 271 524 324; x_wconf 76' lang='lat' dir='ltr'>nitit-</span> <span class='ocrx_word' id='word_1_15' title='bbox 546 269 589 324; x_wconf 77' lang='lat'>93.¹</span> <span class='ocrx_word' id='word_1_16' title='bbox 607 271 709 323; x_wconf 71' lang='lat' dir='ltr'>Mittin</span> <span class='ocrx_word' id='word_1_17' title='bbox 724 271 753 324; x_wconf 86' lang='lat' dir='ltr'>in</span> <span class='ocrx_word' id='word_1_18' title='bbox 768 272 833 324; x_wconf 81' lang='lat' dir='ltr'>urbe</span> <span class='ocrx_word' id='word_1_19' title='bbox 847 271 955 336; x_wconf 64' lang='lat' dir='ltr'>otim</span> 
     </span>
     <span class='ocr_line' id='line_1_4' title="bbox 138 339 955 406; baseline -0.005 -10"><span class='ocrx_word' id='word_1_20' title='bbox 138 339 394 406; x_wconf 56' lang='lat' dir='ltr'>libidinantium,</span> <span class='ocrx_word' id='word_1_21' title='bbox 410 347 520 402; x_wconf 82' lang='lat' dir='ltr'>rnorter,</span> <span class='ocrx_word' id='word_1_22' title='bbox 570 339 614 392; x_wconf 76' lang='lat'>94.</span> <span class='ocrx_word' id='word_1_23' title='bbox 633 339 792 402; x_wconf 68' lang='lat' dir='ltr'>insolentia,</span> <span class='ocrx_word' id='word_1_24' title='bbox 805 340 955 406; x_wconf 63' lang='lat' dir='ltr'>ponebas.</span> 
     </span>
     <span class='ocr_line' id='line_1_5' title="bbox 148 405 956 526; baseline -0.004 -64"><span class='ocrx_word' id='word_1_25' title='bbox 148 408 361 476; x_wconf 75' lang='lat' dir='ltr'>Vitelliiinopio,</span> <span class='ocrx_word' id='word_1_26' title='bbox 376 405 561 526; x_wconf 59' lang='lat' dir='ltr'>prodimur.</span> <span class='ocrx_word' id='word_1_27' title='bbox 587 405 678 461; x_wconf 80' lang='lat' dir='ltr'>Duces</span> <span class='ocrx_word' id='word_1_28' title='bbox 691 407 847 461; x_wconf 77' lang='lat' dir='ltr'>Galliarum</span> <span class='ocrx_word' id='word_1_29' title='bbox 853 417 956 474; x_wconf 77' lang='lat' dir='ltr'>postu·</span> 
     </span>
     <span class='ocr_line' id='line_1_6' title="bbox 142 474 958 547; baseline -0.005 -15"><span class='ocrx_word' id='word_1_30' title='bbox 142 479 195 534; x_wconf 83' lang='lat' dir='ltr'>inti</span> <span class='ocrx_word' id='word_1_31' title='bbox 205 479 242 530; x_wconf 84' lang='lat' dir='ltr'>od</span> <span class='ocrx_word' id='word_1_32' title='bbox 249 476 416 545; x_wconf 82' lang='lat' dir='ltr'>supplicium.</span> <span class='ocrx_word' id='word_1_33' title='bbox 488 474 572 527; x_wconf 80' lang='lat' dir='ltr'>&#39;itioe</span> <span class='ocrx_word' id='word_1_34' title='bbox 585 477 650 538; x_wconf 78' lang='lat' dir='ltr'>ordo</span> <span class='ocrx_word' id='word_1_35' title='bbox 663 477 802 547; x_wconf 65' lang='lat' dir='ltr'>amfusus.</span> <span class='ocrx_word' id='word_1_36' title='bbox 836 476 882 528; x_wconf 80' lang='lat'>95.</span> <span class='ocrx_word' id='word_1_37' title='bbox 892 475 958 528; x_wconf 84' lang='lat' dir='ltr'>No·</span> 
     </span>
     <span class='ocr_line' id='line_1_7' title="bbox 144 541 957 615; baseline -0.006 -15"><span class='ocrx_word' id='word_1_38' title='bbox 144 546 207 600; x_wconf 82' lang='lat' dir='ltr'>totis</span> <span class='ocrx_word' id='word_1_39' title='bbox 223 544 325 598; x_wconf 77' lang='lat' dir='ltr'>Vitellii</span> <span class='ocrx_word' id='word_1_40' title='bbox 335 545 346 596; x_wconf 89' lang='lat' dir='ltr'>i</span> <span class='ocrx_word' id='word_1_41' title='bbox 355 555 359 560; x_wconf 85' lang='lat'>&#39;</span> <span class='ocrx_word' id='word_1_42' title='bbox 367 541 441 596; x_wconf 75' lang='lat' dir='ltr'>renti</span> <span class='ocrx_word' id='word_1_43' title='bbox 453 552 558 610; x_wconf 86' lang='lat' dir='ltr'>porotu</span> <span class='ocrx_word' id='word_1_44' title='bbox 567 544 726 597; x_wconf 75' lang='lat' dir='ltr'>centrum.</span> <span class='ocrx_word' id='word_1_45' title='bbox 760 543 888 615; x_wconf 76' lang='lat' dir='ltr'>inferiae</span> <span class='ocrx_word' id='word_1_46' title='bbox 899 545 957 611; x_wconf 83' lang='lat' dir='ltr'>Ne·</span> 
     </span>
     <span class='ocr_line' id='line_1_8' title="bbox 143 610 956 686; baseline -0.002 -20"><span class='ocrx_word' id='word_1_47' title='bbox 143 614 204 666; x_wconf 86' lang='lat' dir='ltr'>roni</span> <span class='ocrx_word' id='word_1_48' title='bbox 208 613 315 686; x_wconf 67' lang='lat' dir='ltr'>suetae,</span> <span class='ocrx_word' id='word_1_49' title='bbox 378 613 432 664; x_wconf 76' lang='lat' dir='ltr'>rtis</span> <span class='ocrx_word' id='word_1_50' title='bbox 446 611 563 663; x_wconf 62' lang='lat' dir='ltr'>ranerio.</span> <span class='ocrx_word' id='word_1_51' title='bbox 597 611 642 663; x_wconf 81' lang='grc'>96.</span> <span class='ocrx_word' id='word_1_52' title='bbox 656 610 701 663; x_wconf 86' lang='lat' dir='ltr'>De</span> <span class='ocrx_word' id='word_1_53' title='bbox 717 611 956 665; x_wconf 68' lang='lat' dir='ltr'>urtonrutania·</span> 
     </span>
     <span class='ocr_line' id='line_1_9' title="bbox 143 677 957 738; baseline -0.006 -2"><span class='ocrx_word' id='word_1_54' title='bbox 143 699 194 736; x_wconf 85' lang='lat' dir='ltr'>nae</span> <span class='ocrx_word' id='word_1_55' title='bbox 204 698 322 734; x_wconf 78' lang='lat' dir='ltr'>rumores</span> <span class='ocrx_word' id='word_1_56' title='bbox 333 684 401 734; x_wconf 85' lang='lat' dir='ltr'>mole</span> <span class='ocrx_word' id='word_1_57' title='bbox 410 688 514 732; x_wconf 84' lang='lat' dir='ltr'>coercet</span> <span class='ocrx_word' id='word_1_58' title='bbox 527 677 660 733; x_wconf 82' lang='lat' dir='ltr'>Viteiiiur.</span> <span class='ocrx_word' id='word_1_59' title='bbox 723 679 783 733; x_wconf 81' lang='grc'><strong>.98.</strong></span> <span class='ocrx_word' id='word_1_60' title='bbox 792 679 899 738; x_wconf 78' lang='lat' dir='ltr'>Eaeito</span> <span class='ocrx_word' id='word_1_61' title='bbox 909 689 957 732; x_wconf 86' lang='lat' dir='ltr'>ta·</span> 
     </span>
     <span class='ocr_line' id='line_1_10' title="bbox 144 746 957 812; baseline -0.002 -11"><span class='ocrx_word' id='word_1_62' title='bbox 144 767 204 802; x_wconf 79' lang='lat' dir='ltr'>naen</span> <span class='ocrx_word' id='word_1_63' title='bbox 222 749 336 812; x_wconf 79' lang='lat' dir='ltr'>our-ilio,</span> <span class='ocrx_word' id='word_1_64' title='bbox 354 749 400 800; x_wconf 81' lang='lat' dir='ltr'>red</span> <span class='ocrx_word' id='word_1_65' title='bbox 415 747 558 802; x_wconf 78' lang='lat' dir='ltr'>necessitas</span> <span class='ocrx_word' id='word_1_66' title='bbox 575 747 753 802; x_wconf 66' lang='lat' dir='ltr'>Marma.</span> <span class='ocrx_word' id='word_1_67' title='bbox 788 746 957 800; x_wconf 73' lang='lat' dir='ltr'>ooJmm-</span> 
     </span>
     <span class='ocr_line' id='line_1_11' title="bbox 142 815 956 950; baseline 0 -14"><span class='ocrx_word' id='word_1_68' title='bbox 142 815 956 950; x_wconf 60' lang='lat' dir='ltr'>tit?²²t&lt;itit&#39;etttttttb&#39;ttttttt&#39;tt</span> 
     </span>
     <span class='ocr_line' id='line_1_12' title="bbox 146 951 955 1024; baseline -0.002 -18"><span class='ocrx_word' id='word_1_69' title='bbox 146 952 459 1020; x_wconf 77' lang='lat' dir='ltr'>oeririoteMirenenrique</span> <span class='ocrx_word' id='word_1_70' title='bbox 465 951 647 1020; x_wconf 81' lang='lat' dir='ltr'>proditionem</span> <span class='ocrx_word' id='word_1_71' title='bbox 655 951 832 1024; x_wconf 60' lang='lat' dir='ltr'>componitet</span> <span class='ocrx_word' id='word_1_72' title='bbox 841 952 880 1003; x_wconf 77' lang='lat' dir='ltr'>od</span> <span class='ocrx_word' id='word_1_73' title='bbox 883 969 955 1019; x_wconf 81' lang='lat' dir='ltr'>par·</span> 
     </span>
     <span class='ocr_line' id='line_1_13' title="bbox 147 1015 954 1088; baseline -0.006 -13"><span class='ocrx_word' id='word_1_74' title='bbox 147 1033 188 1075; x_wconf 85' lang='lat' dir='ltr'>tes</span> <span class='ocrx_word' id='word_1_75' title='bbox 204 1019 479 1088; x_wconf 77' lang='lat' dir='ltr'>Vespasianitronsit.</span> <span class='ocrx_word' id='word_1_76' title='bbox 510 1022 594 1072; x_wconf 81' lang='lat' dir='ltr'>Gesta</span> <span class='ocrx_word' id='word_1_77' title='bbox 604 1019 669 1072; x_wconf 73' lang='lat' dir='ltr'>boae</span> <span class='ocrx_word' id='word_1_78' title='bbox 678 1028 741 1073; x_wconf 85' lang='lat' dir='ltr'>runt</span> <span class='ocrx_word' id='word_1_79' title='bbox 747 1020 843 1086; x_wconf 78' lang='lat' dir='ltr'>paucis</span> <span class='ocrx_word' id='word_1_80' title='bbox 852 1015 954 1071; x_wconf 79' lang='lat' dir='ltr'>mensi·</span> 
     </span>
     <span class='ocr_line' id='line_1_14' title="bbox 147 1086 953 1156; baseline -0.001 -15"><span class='ocrx_word' id='word_1_81' title='bbox 147 1092 194 1141; x_wconf 81' lang='lat' dir='ltr'>ius</span> <span class='ocrx_word' id='word_1_82' title='bbox 204 1109 273 1144; x_wconf 83' lang='lat' dir='ltr'>anno</span> <span class='ocrx_word' id='word_1_83' title='bbox 284 1089 380 1153; x_wconf 85' lang='lat' dir='ltr'>eodorn,</span> <span class='ocrx_word' id='word_1_84' title='bbox 400 1087 557 1142; x_wconf 69' lang='lat' dir='ltr'>Consulibus</span> <span class='ocrx_word' id='word_1_85' title='bbox 565 1087 657 1142; x_wconf 71' lang='lat' dir='ltr'>iiten</span> <span class='ocrx_word' id='word_1_86' title='bbox 668 1098 695 1142; x_wconf 84' lang='lat' dir='ltr'>et</span> <span class='ocrx_word' id='word_1_87' title='bbox 700 1089 763 1142; x_wconf 75' lang='lat' dir='ltr'>otiis</span> <span class='ocrx_word' id='word_1_88' title='bbox 773 1086 909 1156; x_wconf 79' lang='lat' dir='ltr'>suffectis,</span> <span class='ocrx_word' id='word_1_89' title='bbox 919 1089 953 1140; x_wconf 82' lang='lat' dir='ltr'>rie</span> 
     </span>
     <span class='ocr_line' id='line_1_15' title="bbox 147 1158 477 1228; baseline 0 -18"><span class='ocrx_word' id='word_1_90' title='bbox 147 1158 345 1228; x_wconf 74' lang='lat' dir='ltr'>quihusoidetis</span> <span class='ocrx_word' id='word_1_91' title='bbox 355 1159 379 1222; x_wconf 91' lang='lat'>1,</span> <span class='ocrx_word' id='word_1_92' title='bbox 388 1160 430 1210; x_wconf 81' lang='grc'>77.</span> <span class='ocrx_word' id='word_1_93' title='bbox 473 1213 477 1218; x_wconf 59' lang='grc'>,</span> 
     </span>
    </p>
   </div>
   <div class='ocr_carea' id='block_1_3' title="bbox 148 1327 1008 1426">
    <p class='ocr_par' dir='ltr' id='par_1_3' title="bbox 148 1327 1008 1426">
     <span class='ocr_line' id='line_1_16' title="bbox 148 1327 1008 1426; baseline -0.005 -15"><span class='ocrx_word' id='word_1_94' title='bbox 148 1327 289 1412; x_wconf 72' lang='lat' dir='ltr'>Struebat</span> <span class='ocrx_word' id='word_1_95' title='bbox 304 1359 359 1409; x_wconf 89' lang='lat' dir='ltr'>iam</span> <span class='ocrx_word' id='word_1_96' title='bbox 374 1356 513 1422; x_wconf 79' lang='lat' dir='ltr'><strong>Fortuna,</strong></span> <span class='ocrx_word' id='word_1_97' title='bbox 539 1363 566 1412; x_wconf 92' lang='lat' dir='ltr'>in</span> <span class='ocrx_word' id='word_1_98' title='bbox 583 1359 691 1412; x_wconf 78' lang='lat' dir='ltr'>diversa</span> <span class='ocrx_word' id='word_1_99' title='bbox 705 1365 784 1426; x_wconf 86' lang='lat' dir='ltr'>parte</span> <span class='ocrx_word' id='word_1_100' title='bbox 799 1364 949 1420; x_wconf 81' lang='lat' dir='ltr'>terrarum,</span> <span class='ocrx_word' id='word_1_101' title='bbox 1004 1405 1008 1414; x_wconf 90' lang='grc'>,</span> 
     </span>
    </p>
   </div>
   <div class='ocr_carea' id='block_1_4' title="bbox 48 1426 949 1496">
    <p class='ocr_par' dir='ltr' id='par_1_4' title="bbox 48 1426 949 1496">
     <span class='ocr_line' id='line_1_17' title="bbox 48 1426 949 1496; baseline -0.01 -11"><span class='ocrx_word' id='word_1_102' title='bbox 48 1441 105 1451; x_wconf 64' lang='grc'>“’““</span> <span class='ocrx_word' id='word_1_103' title='bbox 146 1431 225 1484; x_wconf 80' lang='lat' dir='ltr'>initia</span> <span class='ocrx_word' id='word_1_104' title='bbox 237 1443 401 1494; x_wconf 80' lang='lat' dir='ltr'>caussasque</span> <span class='ocrx_word' id='word_1_105' title='bbox 411 1429 543 1494; x_wconf 85' lang='lat' dir='ltr'>Imperio,</span> <span class='ocrx_word' id='word_1_106' title='bbox 560 1429 720 1496; x_wconf 82' lang='lat' dir='ltr'>quadraria</span> <span class='ocrx_word' id='word_1_107' title='bbox 734 1433 825 1488; x_wconf 81' lang='lat' dir='ltr'>sorte,</span> <span class='ocrx_word' id='word_1_108' title='bbox 842 1426 949 1477; x_wconf 87' lang='lat' dir='ltr'>laetum</span> 
     </span>
    </p>
   </div>
   <div class='ocr_carea' id='block_1_5' title="bbox 139 1497 956 2654">
    <p class='ocr_par' dir='ltr' id='par_1_5' title="bbox 139 1497 956 2654">
     <span class='ocr_line' id='line_1_18' title="bbox 146 1497 949 1565; baseline -0.009 -14"><span class='ocrx_word' id='word_1_109' title='bbox 146 1498 323 1565; x_wconf 79' lang='lat' dir='ltr'><strong>Reipublicae</strong></span> <span class='ocrx_word' id='word_1_110' title='bbox 335 1503 384 1547; x_wconf 91' lang='lat' dir='ltr'>aut</span> <span class='ocrx_word' id='word_1_111' title='bbox 398 1501 491 1560; x_wconf 86' lang='lat' dir='ltr'>atrox,</span> <span class='ocrx_word' id='word_1_112' title='bbox 500 1499 574 1564; x_wconf 77' lang='lat' dir='ltr'>ipsis</span> <span class='ocrx_word' id='word_1_113' title='bbox 590 1497 759 1563; x_wconf 84' lang='lat' dir='ltr'>Principibus</span> <span class='ocrx_word' id='word_1_114' title='bbox 774 1501 949 1563; x_wconf 82' lang='lat' dir='ltr'>prosperum,</span> 
     </span>
     <span class='ocr_line' id='line_1_19' title="bbox 139 1564 956 1633; baseline -0.007 -12"><span class='ocrx_word' id='word_1_115' title='bbox 139 1574 198 1621; x_wconf 79' lang='lat' dir='ltr'>aut</span> <span class='ocrx_word' id='word_1_116' title='bbox 208 1567 292 1618; x_wconf 83' lang='lat' dir='ltr'>exitio</span> <span class='ocrx_word' id='word_1_117' title='bbox 305 1566 366 1617; x_wconf 83' lang='lat' dir='ltr'>fuit.</span> <span class='ocrx_word' id='word_1_118' title='bbox 402 1568 482 1617; x_wconf 85' lang='lat' dir='ltr'>Titus</span> <span class='ocrx_word' id='word_1_119' title='bbox 492 1567 679 1633; x_wconf 74' lang='lat' dir='ltr'>Vespasianus</span> <span class='ocrx_word' id='word_1_120' title='bbox 690 1566 826 1627; x_wconf 89' lang='lat' dir='ltr'>eludaea,</span> <span class='ocrx_word' id='word_1_121' title='bbox 843 1564 956 1615; x_wconf 50' lang='lat' dir='ltr'>ineolu-</span> 
     </span>
     <span class='ocr_line' id='line_1_20' title="bbox 149 1630 948 1703; baseline -0.004 -17"><span class='ocrx_word' id='word_1_122' title='bbox 149 1638 188 1703; x_wconf 86' lang='lat' dir='ltr'>mi</span> <span class='ocrx_word' id='word_1_123' title='bbox 198 1632 286 1685; x_wconf 85' lang='lat' dir='ltr'>adhuc</span> <span class='ocrx_word' id='word_1_124' title='bbox 298 1634 399 1696; x_wconf 83' lang='lat' dir='ltr'>Galba,</span> <span class='ocrx_word' id='word_1_125' title='bbox 418 1635 518 1685; x_wconf 88' lang='lat' dir='ltr'>missus</span> <span class='ocrx_word' id='word_1_126' title='bbox 528 1650 545 1685; x_wconf 88' lang='lat' dir='ltr'>a</span> <span class='ocrx_word' id='word_1_127' title='bbox 555 1641 648 1700; x_wconf 91' lang='lat' dir='ltr'>patre,</span> <span class='ocrx_word' id='word_1_128' title='bbox 665 1649 789 1685; x_wconf 83' lang='lat' dir='ltr'>caussam</span> <span class='ocrx_word' id='word_1_129' title='bbox 799 1630 948 1698; x_wconf 84' lang='lat' dir='ltr'>profectio-</span> 
     </span>
     <span class='ocr_line' id='line_1_21' title="bbox 150 1698 949 1771; baseline -0.006 -15"><span class='ocrx_word' id='word_1_130' title='bbox 150 1707 192 1756; x_wconf 84' lang='lat' dir='ltr'>nis</span> <span class='ocrx_word' id='word_1_131' title='bbox 203 1700 324 1768; x_wconf 82' lang='lat' dir='ltr'>officium</span> <span class='ocrx_word' id='word_1_132' title='bbox 335 1719 400 1771; x_wconf 86' lang='lat' dir='ltr'>ergo</span> <span class='ocrx_word' id='word_1_133' title='bbox 416 1702 573 1768; x_wconf 76' lang='lat' dir='ltr'>Principem</span> <span class='ocrx_word' id='word_1_134' title='bbox 587 1711 614 1753; x_wconf 88' lang='lat' dir='ltr'>et</span> <span class='ocrx_word' id='word_1_135' title='bbox 627 1712 763 1753; x_wconf 75' lang='lat' dir='ltr'>assaturam</span> <span class='ocrx_word' id='word_1_136' title='bbox 769 1700 893 1768; x_wconf 75' lang='lat' dir='ltr'>petendis</span> <span class='ocrx_word' id='word_1_137' title='bbox 903 1698 949 1751; x_wconf 77' lang='lat' dir='ltr'>ito·</span> 
     </span>
     <span class='ocr_line' id='line_1_22' title="bbox 149 1768 949 1837; baseline -0.011 -12"><span class='ocrx_word' id='word_1_138' title='bbox 149 1772 257 1827; x_wconf 74' lang='lat' dir='ltr'>noritur</span> <span class='ocrx_word' id='word_1_139' title='bbox 272 1770 406 1821; x_wconf 84' lang='lat' dir='ltr'>inventum</span> <span class='ocrx_word' id='word_1_140' title='bbox 421 1770 537 1821; x_wconf 76' lang='lat' dir='ltr'>ferebat.</span> <span class='ocrx_word' id='word_1_141' title='bbox 573 1770 627 1821; x_wconf 84' lang='lat' dir='ltr'>Sed</span> <span class='ocrx_word' id='word_1_142' title='bbox 641 1771 739 1837; x_wconf 79' lang='lat' dir='ltr'>vulgus</span> <span class='ocrx_word' id='word_1_143' title='bbox 755 1768 878 1837; x_wconf 83' lang='lat' dir='ltr'>tingendi</span> <span class='ocrx_word' id='word_1_144' title='bbox 892 1768 949 1818; x_wconf 82' lang='lat' dir='ltr'>ari·</span> 
     </span>
     <span class='ocr_line' id='line_1_23' title="bbox 150 1839 950 1905; baseline -0.008 -13"><span class='ocrx_word' id='word_1_145' title='bbox 150 1840 214 1892; x_wconf 87' lang='lat' dir='ltr'>dum</span> <span class='ocrx_word' id='word_1_146' title='bbox 234 1839 413 1904; x_wconf 83' lang='lat' dir='ltr'>disperserat,</span> <span class='ocrx_word' id='word_1_147' title='bbox 441 1839 557 1889; x_wconf 81' lang='lat' dir='ltr'>nocitum</span> <span class='ocrx_word' id='word_1_148' title='bbox 574 1839 603 1891; x_wconf 88' lang='lat' dir='ltr'>in</span> <span class='ocrx_word' id='word_1_149' title='bbox 621 1839 794 1905; x_wconf 85' lang='lat' dir='ltr'>adoptionem.</span> <span class='ocrx_word' id='word_1_150' title='bbox 830 1839 950 1887; x_wconf 88' lang='lat' dir='ltr'>materia</span> 
     </span>
     <span class='ocr_line' id='line_1_24' title="bbox 150 1906 948 1973; baseline -0.005 -13"><span class='ocrx_word' id='word_1_151' title='bbox 150 1909 335 1968; x_wconf 81' lang='lat' dir='ltr'>sermonibus,</span> <span class='ocrx_word' id='word_1_152' title='bbox 353 1908 458 1957; x_wconf 89' lang='lat' dir='ltr'>senium</span> <span class='ocrx_word' id='word_1_153' title='bbox 474 1912 502 1957; x_wconf 85' lang='lat' dir='ltr'>et</span> <span class='ocrx_word' id='word_1_154' title='bbox 513 1908 616 1957; x_wconf 84' lang='lat' dir='ltr'>orbitas</span> <span class='ocrx_word' id='word_1_155' title='bbox 630 1907 764 1973; x_wconf 82' lang='lat' dir='ltr'>Principis</span> <span class='ocrx_word' id='word_1_156' title='bbox 777 1912 806 1959; x_wconf 88' lang='lat' dir='ltr'>et</span> <span class='ocrx_word' id='word_1_157' title='bbox 815 1906 948 1971; x_wconf 84' lang='lat' dir='ltr'>intempe-</span> 
     </span>
     <span class='ocr_line' id='line_1_25' title="bbox 149 1974 949 2042; baseline -0.008 -13"><span class='ocrx_word' id='word_1_158' title='bbox 149 1978 241 2029; x_wconf 88' lang='lat' dir='ltr'>rantia</span> <span class='ocrx_word' id='word_1_159' title='bbox 259 1976 384 2036; x_wconf 81' lang='lat' dir='ltr'>civitatis,</span> <span class='ocrx_word' id='word_1_160' title='bbox 403 1974 579 2025; x_wconf 82' lang='lat' dir='ltr'>dunecanus</span> <span class='ocrx_word' id='word_1_161' title='bbox 597 1976 726 2042; x_wconf 83' lang='lat' dir='ltr'>eligatur,</span> <span class='ocrx_word' id='word_1_162' title='bbox 744 1975 846 2025; x_wconf 85' lang='lat' dir='ltr'>multos</span> <span class='ocrx_word' id='word_1_163' title='bbox 865 1974 949 2025; x_wconf 82' lang='lat' dir='ltr'>desti·</span> 
     </span>
     <span class='ocr_line' id='line_1_26' title="bbox 150 2041 948 2109; baseline -0.004 -14"><span class='ocrx_word' id='word_1_164' title='bbox 150 2044 243 2095; x_wconf 85' lang='lat' dir='ltr'>nandi.</span> <span class='ocrx_word' id='word_1_165' title='bbox 278 2042 402 2108; x_wconf 79' lang='lat' dir='ltr'>Augebat</span> <span class='ocrx_word' id='word_1_166' title='bbox 412 2042 512 2092; x_wconf 83' lang='lat' dir='ltr'>famam</span> <span class='ocrx_word' id='word_1_167' title='bbox 530 2041 614 2108; x_wconf 85' lang='lat' dir='ltr'>ipsius&#39;</span> <span class='ocrx_word' id='word_1_168' title='bbox 623 2044 680 2095; x_wconf 85' lang='lat' dir='ltr'>Titi</span> <span class='ocrx_word' id='word_1_169' title='bbox 694 2045 843 2109; x_wconf 84' lang='lat' dir='ltr'>ingenium,</span> <span class='ocrx_word' id='word_1_170' title='bbox 861 2058 948 2109; x_wconf 84' lang='lat' dir='ltr'>quan·</span> 
     </span>
     <span class='ocr_line' id='line_1_27' title="bbox 150 2110 947 2179; baseline -0.003 -16"><span class='ocrx_word' id='word_1_171' title='bbox 150 2112 314 2177; x_wconf 73' lang='lat' dir='ltr'>taeeumqu&#39;e</span> <span class='ocrx_word' id='word_1_172' title='bbox 331 2110 458 2160; x_wconf 84' lang='lat' dir='ltr'>fortunae</span> <span class='ocrx_word' id='word_1_173' title='bbox 474 2126 575 2175; x_wconf 85' lang='lat' dir='ltr'>capax,</span> <span class='ocrx_word' id='word_1_174' title='bbox 593 2112 742 2164; x_wconf 83' lang='lat' dir='ltr'>decoreris</span> <span class='ocrx_word' id='word_1_175' title='bbox 756 2127 816 2162; x_wconf 90' lang='lat' dir='ltr'>eum</span> <span class='ocrx_word' id='word_1_176' title='bbox 829 2111 947 2179; x_wconf 80' lang='lat' dir='ltr'>quadam</span> 
     </span>
     <span class='ocr_line' id='line_1_28' title="bbox 151 2180 949 2246; baseline 0 -15"><span class='ocrx_word' id='word_1_177' title='bbox 151 2183 308 2241; x_wconf 86' lang='lat' dir='ltr'>maiestate,</span> <span class='ocrx_word' id='word_1_178' title='bbox 327 2192 476 2245; x_wconf 89' lang='lat' dir='ltr'>prosperae</span> <span class='ocrx_word' id='word_1_179' title='bbox 495 2180 658 2244; x_wconf 88' lang='lat' dir='ltr'>Vespasiani</span> <span class='ocrx_word' id='word_1_180' title='bbox 676 2194 733 2242; x_wconf 90' lang='lat' dir='ltr'>res,</span> <span class='ocrx_word' id='word_1_181' title='bbox 754 2195 889 2246; x_wconf 86' lang='lat' dir='ltr'>praesaga</span> <span class='ocrx_word' id='word_1_182' title='bbox 905 2194 949 2231; x_wconf 85' lang='lat' dir='ltr'>ra·</span> 
     </span>
     <span class='ocr_line' id='line_1_29' title="bbox 151 2247 947 2316; baseline -0.005 -14"><span class='ocrx_word' id='word_1_183' title='bbox 151 2264 264 2316; x_wconf 86' lang='lat' dir='ltr'>sponsa,</span> <span class='ocrx_word' id='word_1_184' title='bbox 288 2253 329 2310; x_wconf 88' lang='lat' dir='ltr'>et,</span> <span class='ocrx_word' id='word_1_185' title='bbox 355 2248 493 2297; x_wconf 89' lang='lat' dir='ltr'>inclinatis</span> <span class='ocrx_word' id='word_1_186' title='bbox 511 2248 546 2297; x_wconf 87' lang='lat' dir='ltr'>ad</span> <span class='ocrx_word' id='word_1_187' title='bbox 565 2248 731 2299; x_wconf 85' lang='lat' dir='ltr'>credendum</span> <span class='ocrx_word' id='word_1_188' title='bbox 750 2250 862 2309; x_wconf 90' lang='lat' dir='ltr'>animis,</span> <span class='ocrx_word' id='word_1_189' title='bbox 884 2247 947 2299; x_wconf 86' lang='lat' dir='ltr'>loco</span> 
     </span>
     <span class='ocr_line' id='line_1_30' title="bbox 152 2314 949 2377; baseline -0.004 -8"><span class='ocrx_word' id='word_1_190' title='bbox 152 2319 274 2377; x_wconf 84' lang='lat' dir='ltr'>ominum</span> <span class='ocrx_word' id='word_1_191' title='bbox 293 2318 376 2369; x_wconf 88' lang='lat' dir='ltr'>etiam</span> <span class='ocrx_word' id='word_1_192' title='bbox 395 2314 518 2366; x_wconf 82' lang='lat' dir='ltr'>fortuita.</span> <span class='ocrx_word' id='word_1_193' title='bbox 554 2316 607 2367; x_wconf 89' lang='lat' dir='ltr'>Vbi</span> <span class='ocrx_word' id='word_1_194' title='bbox 619 2314 751 2376; x_wconf 87' lang='lat' dir='ltr'>Corinthi,</span> <span class='ocrx_word' id='word_1_195' title='bbox 767 2314 887 2367; x_wconf 79' lang='lat' dir='ltr'>Achaiae</span> <span class='ocrx_word' id='word_1_196' title='bbox 903 2331 949 2366; x_wconf 89' lang='lat' dir='ltr'>ur·</span> 
     </span>
     <span class='ocr_line' id='line_1_31' title="bbox 151 2383 948 2447; baseline -0.004 -10"><span class='ocrx_word' id='word_1_197' title='bbox 151 2387 194 2445; x_wconf 90' lang='lat' dir='ltr'>be,</span> <span class='ocrx_word' id='word_1_198' title='bbox 213 2390 302 2435; x_wconf 83' lang='lat' dir='ltr'>certos</span> <span class='ocrx_word' id='word_1_199' title='bbox 312 2384 424 2435; x_wconf 85' lang='lat' dir='ltr'>nuntios</span> <span class='ocrx_word' id='word_1_200' title='bbox 436 2386 541 2447; x_wconf 86' lang='lat' dir='ltr'>accepit</span> <span class='ocrx_word' id='word_1_201' title='bbox 551 2384 585 2434; x_wconf 85' lang='lat' dir='ltr'>de</span> <span class='ocrx_word' id='word_1_202' title='bbox 596 2386 710 2434; x_wconf 90' lang='lat' dir='ltr'>interitu</span> <span class='ocrx_word' id='word_1_203' title='bbox 722 2383 835 2446; x_wconf 74' lang='lat' dir='ltr'>Galbae,</span> <span class='ocrx_word' id='word_1_204' title='bbox 847 2388 875 2434; x_wconf 84' lang='lat' dir='ltr'>et</span> <span class='ocrx_word' id='word_1_205' title='bbox 886 2384 948 2435; x_wconf 85' lang='lat' dir='ltr'>ade·</span> 
     </span>
     <span class='ocr_line' id='line_1_32' title="bbox 152 2449 948 2567; baseline -0.001 -63"><span class='ocrx_word' id='word_1_206' title='bbox 152 2458 229 2514; x_wconf 83' lang='lat' dir='ltr'>rant,</span> <span class='ocrx_word' id='word_1_207' title='bbox 249 2455 295 2518; x_wconf 91' lang='lat' dir='ltr'>qui</span> <span class='ocrx_word' id='word_1_208' title='bbox 311 2466 388 2502; x_wconf 90' lang='lat' dir='ltr'>arma</span> <span class='ocrx_word' id='word_1_209' title='bbox 397 2450 503 2503; x_wconf 81' lang='lat' dir='ltr'>Vitellii</span> <span class='ocrx_word' id='word_1_210' title='bbox 519 2449 677 2567; x_wconf 55' lang='lat' dir='ltr'>bellumpue</span> <span class='ocrx_word' id='word_1_211' title='bbox 692 2450 885 2511; x_wconf 82' lang='lat' dir='ltr'>adfirmarent,</span> <span class='ocrx_word' id='word_1_212' title='bbox 902 2467 948 2503; x_wconf 84' lang='lat' dir='ltr'>an·</span> 
     </span>
     <span class='ocr_line' id='line_1_33' title="bbox 152 2518 948 2584; baseline -0.001 -13"><span class='ocrx_word' id='word_1_213' title='bbox 152 2522 213 2571; x_wconf 85' lang='lat' dir='ltr'>xius</span> <span class='ocrx_word' id='word_1_214' title='bbox 223 2522 323 2581; x_wconf 88' lang='lat' dir='ltr'>animo,</span> <span class='ocrx_word' id='word_1_215' title='bbox 333 2520 425 2584; x_wconf 81' lang='lat' dir='ltr'>paucis</span> <span class='ocrx_word' id='word_1_216' title='bbox 436 2519 586 2568; x_wconf 88' lang='lat' dir='ltr'>amicorum</span> <span class='ocrx_word' id='word_1_217' title='bbox 597 2518 631 2567; x_wconf 89' lang='lat' dir='ltr'>ad</span> <span class='ocrx_word' id='word_1_218' title='bbox 651 2518 734 2582; x_wconf 87' lang='lat' dir='ltr'>ibitis,</span> <span class='ocrx_word' id='word_1_219' title='bbox 745 2525 843 2570; x_wconf 89' lang='lat' dir='ltr'>cuncta</span> <span class='ocrx_word' id='word_1_220' title='bbox 852 2522 948 2570; x_wconf 88' lang='lat' dir='ltr'>utrim-</span> 
     </span>
     <span class='ocr_line' id='line_1_34' title="bbox 153 2584 949 2654; baseline 0.004 -16"><span class='ocrx_word' id='word_1_221' title='bbox 153 2603 205 2654; x_wconf 78' lang='lat' dir='ltr'>que</span> <span class='ocrx_word' id='word_1_222' title='bbox 213 2587 372 2654; x_wconf 88' lang='lat' dir='ltr'>perlustrat.</span> <span class='ocrx_word' id='word_1_223' title='bbox 408 2584 439 2635; x_wconf 79' lang='lat' dir='ltr'>Si</span> <span class='ocrx_word' id='word_1_224' title='bbox 448 2592 577 2653; x_wconf 84' lang='lat' dir='ltr'>pergeret</span> <span class='ocrx_word' id='word_1_225' title='bbox 591 2584 619 2637; x_wconf 90' lang='lat' dir='ltr'>in</span> <span class='ocrx_word' id='word_1_226' title='bbox 630 2584 737 2651; x_wconf 79' lang='lat' dir='ltr'>urbem,</span> <span class='ocrx_word' id='word_1_227' title='bbox 752 2588 853 2641; x_wconf 80' lang='lat' dir='ltr'>nuttam</span> <span class='ocrx_word' id='word_1_228' title='bbox 862 2585 949 2653; x_wconf 82' lang='lat' dir='ltr'>officii</span> 
     </span>
    </p>
   </div>
   <div class='ocr_carea' id='block_1_6' title="bbox 0 0 1032 3025">
    <p class='ocr_par' dir='ltr' id='par_1_6' title="bbox 0 0 1032 3025">
     <span class='ocr_line' id='line_1_35' title="bbox 0 0 1032 3025; baseline 0 0"><span class='ocrx_word' id='word_1_229' title='bbox 0 0 1032 3025; x_wconf 95' lang='lat' dir='ltr'> </span> 
     </span>
    </p>
   </div>
  </div>
 </body>
</html>
