2034 3025
140 84 277 141 arnna
295 84 488 141 cremar.
508 90 662 161 [aava
680 92 817 167 acan]
838 94 888 151 us

81 196 140 245 stri
150 199 242 243 ortum
250 194 322 256 loco,
332 195 362 245 c.
372 194 532 257 Sallustius,
541 209 633 248 rerum
644 198 827 251 Romanarum
839 200 887 253 flo-

79 261 261 313 rentissimus
271 268 383 324 auctor,
397 265 502 313 sororis
512 270 640 330 nepotem
652 268 680 317 in
691 280 789 317 nomen
800 266 887 319 edaci·

79 332 135 379 vit.
154 335 238 397 atque
254 329 312 390 ille,
333 344 497 398 quamquam
507 340 635 399 prompto
652 334 687 385 ad
703 334 887 401 capessendos

78 396 207 449 honores
217 398 302 459 aditu
312 399 673 465 Maecenatemcrnuiatus,
683 401 887 467 sinedignitst·

79 466 243 526 Senatoria,
253 467 357 518 multos
368 466 573 533 triumphalium
587 470 829 537 consulariumque
840 484 886 535 po·

78 536 175 587 tentia
184 535 295 585 anteiitt
315 535 442 587 diversus
452 549 469 586 a
478 542 604 588 veterum
615 540 756 599 instituto,
771 552 821 603 per
830 536 887 587 cui·

79 610 146 654 trum
166 608 196 654 et
214 602 378 665 munditiam
397 605 528 672 copiaque
543 606 733 659 etadiiuentia
748 607 814 657 luxu
826 618 887 671 prs·

80 674 160 738 piore
179 672 295 723 suberat
305 677 396 723 nmen
405 674 483 740 vigor
493 674 586 737 animi,
601 676 757 743 ingentibus
767 672 887 742 negotiis

80 756 143 808 par,
159 754 194 793 co
205 741 303 804 corfor,
321 757 376 809 quo
386 756 511 793 mutuum
522 748 550 795 et
560 746 687 795 inertiam
699 746 785 811 magis
796 748 887 794 osteu-

77 808 173 863 tabat
208 809 305 877 Igitur,
315 810 446 861 incolumi
459 812 631 875 Maecenate,
647 814 801 879 proximum
820 821 885 861 mox

82 878 258 944 praecipuus,
269 880 311 929 cui
321 884 430 930 secreto
439 880 640 945 imperatorum
651 882 845 942 inniterentur,
856 884 886 933 et

80 944 268 997 interficiendi
278 944 401 997 Postumi
413 948 551 1013 Agrippae
561 950 699 1009 conscius,
718 954 809 999 aetate
821 960 882 1013 pro·

81 1020 173 1072 vecta,
182 1015 301 1077 speciem
312 1014 399 1079 magis
409 1016 438 1065 in
448 1018 570 1066 amicitia
580 1016 722 1081 Principis,
737 1030 818 1083 qnam
829 1018 884 1065 ritu

81 1084 186 1143 tenuit,
199 1081 281 1147 idque
291 1088 321 1133 ct
330 1082 487 1133 Maecenati
500 1084 650 1147 acciderat3
662 1084 720 1135 fato
732 1085 883 1149 potentiae,

82 1165 150 1201 raro
170 1153 366 1214 sempiternae,
384 1165 420 1200 an
440 1152 526 1201 satias
545 1155 637 1219 capit,
653 1158 701 1203 aut
722 1152 800 1213 illos,
820 1166 884 1203 curn

83 1219 181 1269 omnia
190 1220 362 1282 tribuerunt,
378 1223 427 1269 aut
440 1217 509 1282 hos,
528 1234 590 1271 cum
604 1222 659 1272 iam
669 1218 738 1272 nihii
747 1220 885 1289 reliquum

84 1294 139 1349 est,
148 1287 355 1354 quodcupiunt.
718 1348 722 1355 .

113 1404 118 1409 .
138 1356 241 1407 XXXI.
257 1356 389 1423 Sequitur
399 1356 504 1409 tinent
515 1362 644 1425 quartus,
654 1358 739 1411 Drusi
747 1356 884 1410 sccundus

84 1424 264 1486 Consulatus,
284 1428 371 1491 patris
386 1431 470 1493 atque
485 1426 535 1477 lilii
550 1427 668 1493 collegio
679 1428 801 1492 insignis.
818 1438 885 1476 narn

81 1495 197 1547 biennio
209 1499 274 1546 autc
284 1494 441 1547 Germanici
451 1510 513 1546 cum
525 1496 640 1546 Trlucrio
649 1495 721 1546 idern
732 1492 828 1556 honor,
838 1506 884 1544 ne·

83 1569 250 1633 quc'patruo
264 1564 365 1627 laetus,
383 1579 474 1632 neque
488 1569 590 1614 natura
603 1570 659 1614 tarn
674 1575 812 1613 connexus
827 1559 886 1612 tue

81 1638 138 1684 rat
173 1633 240 1682 Eius
254 1635 319 1682 anni
335 1634 472 1698 principio
484 1633 623 1694 Tiberius,
637 1633 720 1699 ‚quasi
736 1627 886 1680 iirrnanriac

81 1701 250 1765 valetudini,
265 1702 293 1751 in
305 1702 482 1767 Campaniam
493 1702 642 1763 concessit,
662 1699 773 1767 longam
785 1703 813 1749 ct
824 1711 885 1748 con·

82 1771 192 1822 tinuam
203 1770 354 1820 absentiam
365 1770 509 1834 paullatim
520 1769 669 1821 meditans:
680 1770 751 1830 sive,
759 1773 799 1826 ut,
810 1780 885 1816 anru-

82 1844 211 1905 topace,
229 1839 338 1890 Drusus
359 1840 453 1888 munia
468 1839 634 1888 Consulatus
653 1837 730 1888 solus
750 1835 883 1902 impiaret.

81 1911 123 1962 Ac
132 1906 205 1958 forte
216 1921 302 1972 parta
311 1922 374 1968 res,
389 1921 518 1973 magnum
530 1907 568 1958 ad
577 1911 715 1956 certamen
727 1917 883 1971 progressa,

82 1976 213 2044 praebuit
221 1977 315 2027 iuueni
329 1975 472 2027 mauricio
485 1973 626 2041 apiscendi
642 1973 751 2025 favoris.
787 1973 882 2024 Domi-

82 2048 140 2097 tius
150 2044 286 2107 Corbulo,
304 2043 442 2095 Praetura
454 2043 580 2104 functus,
601 2043 634 2096 de
645 2043 676 2094 L.
688 2041 779 2101 Sulla,
797 2040 882 2090 nobili

82 2115 192 2174 iuvene,
211 2117 325 2180 questus
340 2117 385 2162 est
398 2113 470 2177 apud
486 2111 634 2175 Senatum,
649 2111 724 2179 quod
737 2107 789 2161 sili
809 2107 883 2162 inter

82 2183 238 2248 spectacula
249 2178 435 2249 gladiatorum
450 2182 506 2232 loco
516 2198 568 2234 non
580 2180 738 2232 decessisset.
757 2191 808 2244 pro
818 2176 882 2227 cor·

83 2250 191 2302 buloue
202 2256 289 2312 aetas,
307 2251 414 2315 patrius
430 2264 498 2312 mos,
518 2249 610 2300 studia
630 2250 770 2299 seniorum
791 2253 882 2297 erant:

84 2325 181 2371 eontra
199 2319 357 2369 Mamercus
376 2316 495 2368 &auras
516 2325 548 2370 et
562 2317 593 2370 L.
613 2319 759 2369 Arruntius
779 2315 882 2380 aliique

85 2387 181 2440 Sullae
189 2389 336 2454 propinqui
346 2385 514 2437 nitebantur.
543 2388 685 2437 certabant
700 2383 882 2441 orationibus,

84 2463 114 2509 et
127 2457 353 2508 memorabantur
366 2456 486 2520 exempla
505 2454 649 2516 maiorum,
668 2453 719 2520 qui
732 2447 883 2504 iumentis
984 2493 990 2501 .

65 2523 288 2578 ‘inreverentiam
304 2522 436 2591 gravitas
455 2522 568 2574 demotis
588 2523 763 2575 amavissent.
794 2519 883 2596 donoc

85 2595 192 2682 Drusus
208 2590 276 2658 apta
286 2591 472 2658 temperandis
487 2593 584 2643 animis
600 2591 745 2708 ἀίἆεεὲιιίις
765 2589 889 2638 etratus-'1
