2034 3025
169 138 223 217 rol
252 100 520 193 nummum.
541 112 703 207 '[u.v.7e7.
724 138 757 190 A.
770 100 800 190 o.
812 103 866 209 iass]

178 217 993 236 ...---------..-.......

167 258 218 294 eur
228 252 323 295 eontra
334 260 433 295 merem
443 243 570 309 obsequii,
577 252 673 297 eontra
678 245 730 316 fur
740 243 915 311 disciplinae,
926 250 990 304 vim

167 312 351 364 meditentur?
367 313 538 364 decernerent
548 310 666 382 legatos,
676 329 754 379 reque
764 310 856 366 eurora
865 320 990 371 ruenda-

166 385 198 431 tn
208 381 313 433 dorent.
325 380 531 448 Adclamauere,
538 380 651 450 utfltiur
659 380 754 433 Blaesi
763 381 892 441 tribunus
902 387 987 456 lega.

168 449 241 503 tione
252 466 283 501 ea
289 449 467 530 fungeretur,
470 458 629 516 peteretque
639 450 770 503 militibus
779 450 985 511 tralationentab

91 528 98 543 ⁸
167 518 381 571 eedeeirnonmt:
390 526 481 570 cetera
491 517 730 583 manutenueris·
735 519 828 585 prima
834 524 986 588 provenis·

167 594 236 641 tent.
272 584 402 639 Profecto
417 590 531 651 iuvene,
546 587 684 639 modicum
698 591 799 640 otium:
819 591 870 644 sed
881 608 986 659 super-

166 658 228 709 bire
243 656 335 719 miles,
355 656 429 723 quod
437 657 517 709 *tilius
532 657 631 723 legati,
652 663 749 709 orator
757 659 887 724 publicae
898 676 985 713 eaus-

149 769 152 775 .
168 742 230 787 sae,
241 728 310 775 satis
320 725 496 788 ostenderet,
505 730 674 779 necessitate
685 742 817 797 expressa
822 744 917 796 „quae
927 745 985 797 per

82 811 84 815 ’
170 795 337 849 modestiam
347 810 403 846 non
413 796 606 847 obtinuissent.

154 913 165 922 ,
202 928 204 933 Ι
221 862 281 913 XX.
299 863 412 916 Interea
427 865 574 929 manipuli,
593 870 659 920 ante
670 869 796 931 ooeptam
806 864 986 919 seditionem

169 930 342 999 Nauportum
355 935 432 985 missi
449 933 484 984 ob
499 935 602 986 itinera
617 943 646 985 et
659 939 759 999 pontes
773 940 803 987 et
817 936 890 993 alios
901 951 986 999 usus,

148 1004 161 1035 ‘
168 1007 314 1069 postquam
328 1002 471 1053 turbatum
482 1003 510 1053 in
522 1006 621 1055 castris
631 1018 777 1069 accepere,
797 1004 903 1055 vexilla
914 1020 986 1057 eon·

168 1068 287 1132 vellunt;
307 1070 475 1138 direptisque
485 1074 618 1139 proximis
630 1075 709 1135 vicis,
724 1074 839 1139 ipsoque
849 1072 985 1140 Naupor·

169 1144 213 1202 to,
224 1139 297 1206 quod
308 1143 448 1206 municipii
458 1143 548 1193 instar
558 1147 626 1202 erat,
636 1143 784 1193 retinentis
796 1146 985 1214 centurion&

135 1222 140 1227 ·
166 1211 257 1260 inrisu
268 1213 296 1260 et
308 1210 494 1273 contumeliis,
505 1215 646 1275 postremo
661 1210 824 1262 verberibus
838 1212 985 1264 insectan-

167 1284 227 1333 tur:
242 1279 390 1344 praecipua
399 1281 428 1329 in
442 1280 618 1331 Aufidienum
629 1278 736 1333 Rufum
746 1279 922 1344 praefectum
937 1296 986 1333 ca>

169 1352 303 1411 atrorum,
322 1348 373 1410 ira,
384 1362 467 1415 quem
479 1348 625 1414 dereptum
634 1346 772 1413 vehiculo,
786 1352 903 1400 sarcinis
919 1364 988 1417 grae

86 1420 88 1429 ’
168 1422 244 1478 rant,
259 1421 398 1485 aguntque
408 1420 496 1482 primo
512 1420 541 1469 in
552 1419 671 1489 agmine,
685 1434 734 1484 per
744 1417 895 1489 ludibrium
905 1422 987 1486 rogi·
1012 1477 1013 1484 ἵ

77 1498 78 1503 ’
165 1485 988 1556 tantastantomimmentaonera‚tamlongeitineralibem

91 1619 103 1629 l
168 1566 212 1611 ter
216 1555 325 1626 ferret?
336 1558 442 1624 Quippe
452 1556 540 1608 Rufus
550 1556 597 1607 diu
607 1558 799 1624 manipularis,
809 1557 875 1614 dein
886 1563 988 1609 centu·

167 1631 221 1688 rio,
231 1641 296 1678 mox
307 1629 405 1678 castris
414 1626 581 1694 praefectus,
592 1628 735 1692 antiquam
745 1626 898 1692 duramque
909 1627 988 1677 mili,

167 1698 237 1747 tiam
247 1694 411 1758 revocabat,
430 1699 512 1746 vetus
523 1697 615 1761 operls
626 1710 660 1748 ao
670 1695 786 1760 laboris,
805 1701 836 1750 at
846 1709 880 1747 ea
891 1697 987 1747 immi·

140 1767 233 1825 .tior,
243 1766 309 1830 quia
317 1763 496 1816 toleraverat.
621 1818 626 1824 ,

158 1877 160 1883 .
221 1832 296 1885 ΧΧΙ.
314 1833 423 1884 Horum
442 1831 563 1885 adventu
581 1832 790 1902 redintegratur
808 1833 926 1898 seditio,
949 1841 984 1885 et

168 1904 233 1969 vagi
244 1904 421 1955 circumiecta
430 1902 644 1970 populabantur.
666 1904 785 1956 Blaesus
795 1918 908 1969 paucos,
920 1917 982 1953 rna-

168 1973 243 2025 xime
258 1972 363 2038 praeda
377 1977 506 2034 onustos,
527 1971 564 2023 ad
578 1976 714 2023 terrorem
725 1977 884 2024 ceterorum
893 1971 981 2022 adlici

168 2041 346 2104 verberibus,
361 2040 453 2092 claudi
469 2055 581 2092 earcere
592 2041 675 2091 iubet.
694 2056 759 2092 nam
771 2043 858 2092 etiam
868 2043 930 2090 tum
940 2041 981 2095 la

169 2114 261 2178 gatoa
271 2109 477 2162 centurionibus
488 2119 518 2160 et
528 2110 632 2175 optimo
643 2125 751 2176 quoque
761 2109 981 2175 manipularium
993 2146 999 2173 ,

168 2180 329 2246 parebatur.
364 2177 407 2230 llli
418 2178 505 2230 obniti
513 2175 705 2240 trahentibus,
715 2192 849 2243 prensare
860 2179 979 2229 eireuna
992 2213 1000 2242 ,

169 2251 303 2301 stantium
313 2262 418 2318 genua,
429 2245 597 2298 eieremodo
607 2249 721 2298 nomina
730 2246 912 2314 singulorum,
918 2261 980 2299 mo·
991 2279 999 2300 s

170 2315 206 2368 do
218 2322 371 2369 centuriam
383 2316 513 2384 quisque,
524 2317 601 2366 euius
610 2315 790 2381 manipularis
801 2314 980 2379 eratgeohos·
992 2348 998 2357 ·

169 2393 241 2450 tem,
258 2387 412 2454 legionem,
431 2382 652 2436 eudemumnibut
662 2382 823 2448 immineres
833 2384 979 2435 clamitan-

169 2461 226 2518 tes3
247 2456 328 2506 simul
348 2454 450 2521 probra
459 2455 488 2504 in
502 2453 626 2518 legatum
641 2453 797 2516 cumulant,
817 2453 925 2504 eoelum
944 2468 979 2504 ao

169 2525 239 2576 usos
259 2525 448 2585 obtestantur3
467 2519 536 2572 nihil
555 2520 654 2590 reliqui
675 2520 795 2586 faciunt,
814 2523 979 2590 quosminus

134 2639 138 2648 .
169 2590 655 2654 invidiam,misericordiam,metum
666 2595 694 2641 et
703 2592 760 2641 iras
769 2591 976 2657 permoverent.

170 2661 333 2740 Adeprritur
344 2659 379 2712 ab
387 2661 537 2721 uniuersis,
548 2662 590 2722 et,
599 2672 710 2711 earcere
721 2658 851 2723 effracto,
860 2658 977 2711 solvunt
