2034 3025
164 139 200 191 so
260 136 873 208 nrsronrsavru[numanam

218 249 277 300 Lll.
314 249 527 316 Positoubique
545 249 633 310 bello,
655 263 756 314 magna
770 262 835 313 pars
850 245 975 302 Senatus

167 322 322 370 extremum
333 317 480 370 discrimen
495 317 578 378 adiit,
597 315 722 382 profecta
736 332 799 366 curn
813 313 925 370 Othone
936 320 975 370 ab

168 389 245 450 urbe,
257 387 321 439 dein
330 387 456 439 Mutinae
471 386 577 437 relicta.
613 385 679 435 illuc
694 385 808 436 adverso
818 384 852 436 de
862 385 976 451 praelio

167 456 302 508 adlatum.
338 455 387 506 sed
402 455 517 516 milites,
537 459 569 504 ut
583 452 685 504 falsum
701 469 841 504 rumorem
857 454 976 520 adsper-

167 531 279 586 nantes,
299 523 374 589 quod
384 523 522 574 infensum
533 512 636 572 Othoni
651 521 785 574 Senatum
800 522 978 575 arbitraban-

167 599 223 655 tur,
235 592 373 644 custodire
383 605 535 652 sermones,
553 591 659 641 vultum
670 589 847 657 habitumque
858 589 977 644 trabere

167 665 196 712 in
207 661 340 713 deterius:
359 661 486 711 conviciis
496 664 636 723 postremo
647 675 680 712 ac
690 660 798 724 probris
808 673 936 710 caussam
946 669 979 712 et

167 731 277 781 initium
287 727 379 779 modis
392 729 572 795 quaerebant:
592 743 654 779 curn
669 727 739 778 alius
755 730 869 793 insuper
879 734 978 781 metus

168 797 350 849 senatoribus
359 797 484 859 instaret,
496 811 540 858 ne,
550 795 716 862 praevalidis
727 797 781 846 iam
793 795 899 848 Vitellii
910 813 977 863 par·

167 865 254 928 tibus,
274 869 438 916 cunctanter
459 867 598 930 excepisse
617 865 762 915 victoriam
781 864 977 918 crederentur.

167 934 208 986 ita
217 933 319 999 trepidi
329 938 358 983 et
367 935 507 1000 utrimque
524 934 600 985 anxii
614 938 727 984 coeunt:
745 948 828 986 nemo
841 932 977 1000 privatim

169 1002 297 1067 expedito
309 1002 440 1065 consilio,
460 1005 534 1054 inter
548 1001 651 1053 multos
665 1002 800 1054 societate
816 1003 915 1066 culpae
930 1009 978 1054 tu·

167 1073 233 1122 tior.
270 1071 412 1122 onerabat
425 1071 586 1137 paventium
603 1084 683 1121 curas
698 1070 775 1121 Ordo
794 1071 977 1135 Mutinensis,

168 1153 246 1200 orma
262 1145 290 1191 et
304 1139 446 1205 pecuniane
466 1139 618 1201 offerendo,
637 1138 850 1206 adpellabatque
869 1137 978 1192 Patres

170 1205 350 1274 conserimus,
359 1209 553 1275 intempestivo
562 1207 676 1259 bonore.

220 1275 293 1327 Llll.
329 1275 458 1328 Notabile
477 1278 598 1343 iurgium
615 1275 680 1327 inde
699 1275 761 1338 funt
780 1288 835 1342 quo
845 1273 976 1328 Licinius

169 1345 288 1396 Caecina
298 1345 463 1396 Marcellum
472 1345 596 1411 Eprium,
611 1352 643 1396 nt
651 1343 780 1413 ambigna
791 1343 977 1409 sternentem,

97 1461 112 1470 „
168 1415 278 1464 invasit.
314 1413 373 1466 Nec
386 1418 472 1466 ceteri
486 1415 638 1468 sententias
651 1414 824 1480 aperiebant:
844 1413 978 1465 sedinvi·

154 1489 156 1492 '
169 1497 229 1536 sum
240 1484 376 1535 memoria
385 1483 565 1547 delationum,
572 1485 781 1551 expositumque
787 1482 822 1533 ad
832 1481 978 1545 invidiam,

169 1551 297 1604 Marcelli
312 1566 412 1603 nomen
427 1554 591 1606 inritaverat
605 1555 767 1615 Caecinam,
787 1558 819 1603 ut
829 1566 919 1602 novus
928 1554 978 1603 ad·

169 1618 230 1681 buc,
242 1625 270 1671 et
279 1621 307 1669 in
318 1618 452 1671 Senatum
463 1637 553 1688 nuper
562 1622 693 1685 adscitus,
703 1622 811 1687 magnis
820 1621 978 1671 inimicitiis

170 1688 345 1739 claresceret.
380 1688 576 1741 Moderationo
596 1690 741 1741 meliorum
761 1688 900 1752 dirempti.
938 1691 978 1741 Et

170 1756 278 1809 rediere
289 1770 385 1807 omnes
397 1756 557 1819 Bononiam,
567 1770 664 1807 rursus
673 1755 859 1807 consiliaturi:
880 1758 977 1819 simul,

170 1824 263 1876 medio
274 1825 420 1892 temporis,
439 1826 532 1891 plures
546 1824 637 1875 nuntii
652 1823 842 1889 sperabantur.
879 1823 978 1877 Bono·

85 1907 91 1912 ’
170 1894 242 1954 niae,
253 1894 345 1944 diuisis
355 1907 404 1958 per
413 1894 528 1963 itinera,
547 1892 594 1959 qui
604 1892 824 1943 recentissimum
835 1906 980 1961 quemque

171 1966 431 2026 percunctarentur,
449 1964 637 2025 interrogatus
646 1956 762 2010 Othonis
773 1958 889 2009 libertus
899 1976 979 2012 cuns-

171 2044 229 2080 som
247 2030 391 2098 digressus,
404 2028 500 2080 babere
518 2044 545 2079 se
564 2039 688 2092 suprema
705 2024 762 2077 eius
781 2027 912 2080 mandata
933 2046 979 2081 re·
1015 2023 1016 2074 ἶ

172 2097 295 2163 spondit:
316 2098 403 2163 ipsum
422 2096 553 2147 noenum
569 2094 675 2159 quidem
689 2087 823 2158 relictam,
851 2096 899 2147 sed
915 2101 979 2150 sola

168 2164 341 2232 posteritatis
352 2180 420 2216 cura
430 2173 457 2215 et
467 2164 590 2230 abruptis
599 2163 672 2216 uitae
681 2163 879 2217 blandimentis.
899 2166 980 2217 Hinc

173 2234 321 2287 admiratio
332 2237 361 2283 et
371 2232 452 2298 plura
464 2233 655 2301 interrogandi
670 2233 771 2300 pudor:
792 2239 875 2300 atque
886 2237 979 2286 omni·

172 2316 219 2352 um
231 2304 315 2353 animi
325 2301 353 2351 in
363 2301 509 2353 Vitellium
520 2303 695 2355 inclinavere
732 2363 736 2370 ¹
770 2334 774 2340 «
843 2315 847 2325 ’

222 2369 293 2421 LlV.
328 2370 466 2421 intererat
476 2372 597 2422 consiliis
608 2370 696 2423 irater
706 2370 775 2432 eius,
788 2369 820 2420 L.
830 2370 978 2435 Vitellius,

133 2464 145 2485 .
171 2450 257 2502 seque
269 2440 325 2486 iam
340 2436 516 2490 adulantibus
531 2438 679 2501 offerebat,
698 2454 759 2489 eum
774 2444 890 2503 repente
906 2438 977 2491 Coe·

172 2518 231 2563 nus,
243 2504 360 2555 libertus
371 2504 498 2568 Neronis,
509 2508 597 2558 atroci
608 2509 749 2558 mendacio
759 2506 903 2557 universos
914 2522 978 2573 per·

172 2571 249 2633 sulit,
260 2572 417 2637 adfirmans,
437 2583 596 2643 swmmtn
610 2574 692 2628 XIV.
703 2574 825 2643 legionis,
843 2574 977 2627 iunctim

110 2650 115 2652 ·
174 2636 294 2693 Brixello
304 2639 415 2707 uiribus,
428 2660 519 2697 caesos
532 2644 654 2708 autores,
668 2660 771 2698 eneam
781 2642 976 2714 partimnfor-
