2034 3025
36 144 127 201 LIB.
139 142 228 196 Xlll.
250 141 334 195 GAP.
347 135 466 195 19-21.
488 139 784 234 [A.V.80Q6.]
801 144 858 202 tal

37 267 86 305 aar
109 247 246 301 invadere.
291 249 371 300 llaec
388 249 493 301 iturine
521 255 550 301 et
570 249 708 300 Cairieiur
723 251 856 315 Atimeto,

39 320 199 382 Domitiae,
218 317 338 369 Neronia
349 321 464 381 amitae,
481 317 597 382 liberto,
615 321 753 386 aperiunt.
789 320 856 383 Qui,

38 393 138 456 laetua
148 387 250 439 oblatis
261 391 374 454 (quippe
387 391 462 439 inter
470 389 648 456 Agrippinam
663 395 692 440 et
701 388 857 442 Domitiam

40 459 157 512 infensa
164 457 318 508 aemulatio
329 459 524 520 exercebatur)
543 459 671 510 Paridem
682 457 856 521 histrionem,

40 530 178 582 libertum
199 532 227 578 et
242 528 331 592 ipsum
347 528 502 591 Domitiae,
530 529 647 595 inpulit,
674 527 717 580 ire
728 543 855 596 propert,

41 599 200 664 crimenque
211 595 343 648 atrociter
353 597 468 668 deserte.

95 669 161 719 XX.
181 665 319 718 Provecta
336 681 392 718 nox
406 673 479 729 erat,
512 665 656 719 etNeroni
670 683 722 736 per
730 668 857 723 rinolen-

41 739 114 789 tiam
124 734 303 799 trahebatur3
322 752 384 788 curn
395 737 554 805 ingreditur
564 737 655 800 Paria,
673 739 773 790 eolitue
786 738 857 789 alio·

42 809 113 874 quin
133 806 164 856 id
183 807 316 872 temporis
338 806 421 858 luxua
442 807 578 873 Principia
597 809 750 860 intendere.
797 807 855 860 Sed

41 877 291 940 tunceompoeitue
307 876 346 927 ad
359 879 540 940 maestitiam,
569 880 751 945 expositoque
760 877 857 929 indicii

44 946 161 1006 ordine,
183 945 392 998 ita.audientem
403 952 541 1009 exterret,
568 954 665 997 utnon
676 953 784 998 tantum
795 963 855 999 ma·

42 1021 118 1066 trem
129 1015 312 1083 Plautumque
323 1017 494 1077 interlicere,
520 1016 569 1067 aed
577 1016 702 1066 Burrum
713 1019 797 1069 etiam
808 1016 857 1068 de·

43 1099 160 1136 morere
171 1083 352 1136 Praefectura
361 1083 522 1146 destinaret,
534 1091 676 1152 tamquam
687 1087 856 1153 Agrippinae

44 1155 140 1222 gratia
155 1159 316 1218 provectum
333 1161 362 1206 et
376 1156 467 1206 vicem
477 1154 650 1205 reddentem.
685 1155 789 1206 Fabius
799 1155 855 1206 Ru·

45 1225 132 1274 atinus
143 1228 308 1287 auctorest,
334 1223 450 1292 scriptor
461 1239 516 1276 aare
530 1223 568 1274 ad
578 1221 722 1276 Caecinam
736 1215 857 1278 Parcam

45 1292 195 1356 codicillos,
214 1294 344 1345 mandata
353 1293 379 1344 ei
389 1293 600 1345 Praetoriaram
609 1294 760 1346 cohortium
771 1311 856 1348 carae

46 1361 97 1414 aad
106 1359 280 1431 opcSenecae
290 1362 473 1432 dignationem
482 1361 576 1414 Burro
586 1371 728 1415 retentam.
747 1364 856 1415 Plinius

47 1431 212 1494 etsslurius,
241 1429 311 1482 nihil
321 1432 477 1484 dubitatum
495 1431 593 1484 deiide
604 1431 757 1496 Praesenti,
783 1431 856 1484 refe·

47 1505 130 1558 runt„
149 1500 333 1555 SaneFabiuc
344 1501 462 1553 inclinat
471 1501 506 1552 ad
517 1501 615 1553 laudea
627 1500 758 1565 Senecae,
775 1502 856 1553 cuiue

47 1573 173 1625 amicitia
192 1572 297 1625 floruit.
332 1572 391 1624 Noa
407 1570 572 1623 consensum
588 1576 734 1641 auctorum
753 1570 855 1635 eecuti,

48 1657 121 1710 quae
142 1641 252 1697 diversa
268 1642 458 1708 prodiderint,
493 1642 545 1692 auli
560 1641 716 1693 nominibus
731 1643 856 1708 iptorum

47 1712 202 1763 trademus.
239 1710 468 1779 Nerotrepidus,¹
497 1711 856 1764 etinterficiendeematrte

48 1779 162 1844 aridus,
189 1796 244 1831 non
255 1782 330 1848 priua
346 1780 454 1833 differri
463 1783 569 1847 potuit,
597 1796 679 1848 quam
691 1781 799 1832 Burrus
809 1794 857 1831 ne·

49 1866 110 1902 cem
122 1853 180 1901 eius
191 1852 381 1917 promitteret,
398 1852 421 1901 ai
433 1850 564 1902 facinoris
573 1855 785 1918 coargueretur:
808 1849 858 1901 teti

49 1918 215 1984 cuicumque,
233 1917 460 1987 nednmparenti,
480 1920 660 1991 desectionem
670 1919 856 1972 tribuendam:

47 2006 97 2043 nec
117 1996 288 2041 accuratoree
308 1992 412 2055 adeste,
439 1991 587 2041 acinacem
599 1987 681 2041 anmi
696 1988 857 2042 eaiaimico

49 2060 127 2111 domo
137 2057 254 2130 adferri.
289 2057 427 2131 Rcfatarc
437 2058 562 2111 tenebrat
576 2067 604 2111 et
613 2056 757 2129 vigilatam
768 2056 857 2133 conni-

50 2128 93 2182 nio
105 2135 210 2179 noctem
219 2143 230 2187 ,·
248 2127 389 2195 omniaque
400 2127 553 2181 temeritati
563 2127 862 2196 etinecitiacprcptora.

102 2196 179 2247 XXI.
198 2194 243 2247 Sic
252 2196 339 2249 lenito
350 2198 483 2264 Principia
494 2204 581 2261 metu,
600 2202 630 2249 et
639 2199 700 2250 luce
708 2203 780 2258 orta,
797 2197 857 2248 itur

51 2266 86 2318 ud
96 2266 291 2333 Agrippinam,
318 2272 350 2318 ut
360 2272 486 2318 nosceret
500 2268 611 2319 obiecta
626 2266 857 2333 dissolveretque,
872 2319 876 2322 .

50 2335 95 2388 vel
110 2336 315 2402 poenaluere't
350 2336 458 2387 Burrus
468 2338 502 2387 iia
514 2336 666 2399 mandatis,
693 2335 801 2389 Seneca
810 2347 856 2386 co·

50 2420 120 2468 ram,
139 2404 321 2472 fungebatun
353 2406 472 2459 aderant
486 2412 516 2457 et
524 2421 560 2458 ex
570 2406 680 2459 libentii
689 2406 789 2457 arbitri
797 2419 856 2457 eer-

51 2476 148 2526 monis.
185 2473 587 2543 DeindeaBummpostquam
598 2478 857 2527 criminaetaueto·

49 2559 96 2597 res
107 2546 249 2611 exposuit,
276 2547 422 2598 minaciter
432 2550 546 2597 actum..
569 2547 724 2613 Agrippina
732 2544 855 2596 ferociae

50 2628 164 2679 mernor,
184 2609 245 2667 Non
254 2614 347 2677 miror,
360 2616 459 2681 iuquit,
478 2614 612 2678 Sionem,
626 2628 772 2679 numquam
782 2611 854 2664 edito

48 2693 140 2751 parta,
159 2680 649 2805 neutramadfectarignotocltai'equ
683 2680 854 2749 Ncqoeenim
