<?xml version="1.0" encoding="UTF-8"?>
<!DOCTYPE html PUBLIC "-//W3C//DTD XHTML 1.0 Transitional//EN"
    "http://www.w3.org/TR/xhtml1/DTD/xhtml1-transitional.dtd">
<html xmlns="http://www.w3.org/1999/xhtml" xml:lang="en" lang="en">
 <head>
  <title>
</title>
<meta http-equiv="Content-Type" content="text/html;charset=utf-8" />
  <meta name='ocr-system' content='tesseract 3.04.00' />
  <meta name='ocr-capabilities' content='ocr_page ocr_carea ocr_par ocr_line ocrx_word'/>
</head>
<body>
  <div class='ocr_page' id='page_1' title='image "./ccorneliitaciti00socigoog/ccorneliitaciti00socigoog_0154.png"; bbox 0 0 2034 3025; ppageno 0'>
   <div class='ocr_carea' id='block_1_1' title="bbox 93 111 868 190">
    <p class='ocr_par' dir='ltr' id='par_1_1' title="bbox 93 111 868 190">
     <span class='ocr_line' id='line_1_1' title="bbox 93 111 868 190; baseline 0.01 -23"><span class='ocrx_word' id='word_1_1' title='bbox 93 111 255 171; x_wconf 54' lang='lat' dir='ltr'><strong>malli..</strong></span> <span class='ocrx_word' id='word_1_2' title='bbox 265 112 404 170; x_wconf 60' lang='lat' dir='ltr'><strong>crexit.</strong></span> <span class='ocrx_word' id='word_1_3' title='bbox 415 113 459 167; x_wconf 81' lang='lat'><strong>⁷4.</strong></span> <span class='ocrx_word' id='word_1_4' title='bbox 473 112 520 185; x_wconf 74' lang='lat' dir='ltr'><strong>[A.</strong></span> <span class='ocrx_word' id='word_1_5' title='bbox 530 115 562 169; x_wconf 87' lang='lat' dir='ltr'><strong>V.</strong></span> <span class='ocrx_word' id='word_1_6' title='bbox 573 119 631 186; x_wconf 89' lang='lat'>77⁵·</span> <span class='ocrx_word' id='word_1_7' title='bbox 650 119 683 172; x_wconf 76' lang='lat' dir='ltr'><strong>A.</strong></span> <span class='ocrx_word' id='word_1_8' title='bbox 693 118 722 173; x_wconf 70' lang='lat' dir='ltr'>Q</span> <span class='ocrx_word' id='word_1_9' title='bbox 732 116 789 190; x_wconf 54' lang='grc' dir='ltr'><strong>αι]</strong></span> <span class='ocrx_word' id='word_1_10' title='bbox 818 118 868 177; x_wconf 76' lang='lat' dir='ltr'><strong>tir</strong></span> 
     </span>
    </p>
   </div>
   <div class='ocr_carea' id='block_1_2' title="bbox 28 216 903 2710">
    <p class='ocr_par' dir='ltr' id='par_1_2' title="bbox 28 216 903 1387">
     <span class='ocr_line' id='line_1_2' title="bbox 119 216 870 288; baseline 0.011 -19"><span class='ocrx_word' id='word_1_11' title='bbox 119 216 245 277; x_wconf 77' lang='lat' dir='ltr'><strong>Lxxlss.</strong></span> <span class='ocrx_word' id='word_1_12' title='bbox 259 219 299 274; x_wconf 75' lang='lat' dir='ltr'><strong>Ae</strong></span> <span class='ocrx_word' id='word_1_13' title='bbox 314 225 408 273; x_wconf 83' lang='lat' dir='ltr'><strong>tamen</strong></span> <span class='ocrx_word' id='word_1_14' title='bbox 422 235 468 272; x_wconf 84' lang='lat' dir='ltr'><strong>ros</strong></span> <span class='ocrx_word' id='word_1_15' title='bbox 482 222 576 272; x_wconf 86' lang='lat' dir='ltr'><strong>Blaesi</strong></span> <span class='ocrx_word' id='word_1_16' title='bbox 592 222 691 288; x_wconf 85' lang='lat' dir='ltr'><strong>dignae</strong></span> <span class='ocrx_word' id='word_1_17' title='bbox 707 223 807 277; x_wconf 86' lang='lat' dir='ltr'><strong>decore</strong></span> <span class='ocrx_word' id='word_1_18' title='bbox 816 226 870 277; x_wconf 83' lang='lat' dir='ltr'><strong>tali</strong></span> 
     </span>
     <span class='ocr_line' id='line_1_3' title="bbox 63 286 869 358; baseline 0.006 -18"><span class='ocrx_word' id='word_1_19' title='bbox 63 286 155 341; x_wconf 78' lang='lat' dir='ltr'><strong>fuere.</strong></span> <span class='ocrx_word' id='word_1_20' title='bbox 174 302 239 339; x_wconf 86' lang='lat' dir='ltr'><strong>nam</strong></span> <span class='ocrx_word' id='word_1_21' title='bbox 248 288 422 352; x_wconf 73' lang='lat' dir='ltr'><strong>Tacfarinas,</strong></span> <span class='ocrx_word' id='word_1_22' title='bbox 433 303 599 358; x_wconf 80' lang='lat' dir='ltr'><strong>quamquam</strong></span> <span class='ocrx_word' id='word_1_23' title='bbox 608 292 719 355; x_wconf 84' lang='lat' dir='ltr'><strong>saepius</strong></span> <span class='ocrx_word' id='word_1_24' title='bbox 728 291 869 357; x_wconf 84' lang='lat' dir='ltr'><strong>depulsus,</strong></span> 
     </span>
     <span class='ocr_line' id='line_1_4' title="bbox 63 356 868 427; baseline 0.004 -18"><span class='ocrx_word' id='word_1_25' title='bbox 63 358 201 423; x_wconf 82' lang='lat' dir='ltr'><strong>reparatis</strong></span> <span class='ocrx_word' id='word_1_26' title='bbox 221 372 273 423; x_wconf 87' lang='lat' dir='ltr'><strong>per</strong></span> <span class='ocrx_word' id='word_1_27' title='bbox 291 358 390 409; x_wconf 82' lang='lat' dir='ltr'><strong>intima</strong></span> <span class='ocrx_word' id='word_1_28' title='bbox 398 358 509 411; x_wconf 76' lang='lat' dir='ltr'><strong>Africae</strong></span> <span class='ocrx_word' id='word_1_29' title='bbox 525 358 645 421; x_wconf 85' lang='lat' dir='ltr'><strong>auxiliis,</strong></span> <span class='ocrx_word' id='word_1_30' title='bbox 666 356 720 410; x_wconf 86' lang='lat' dir='ltr'><strong>huc</strong></span> <span class='ocrx_word' id='word_1_31' title='bbox 734 358 868 427; x_wconf 72' lang='lat' dir='ltr'><strong>adrogen-</strong></span> 
     </span>
     <span class='ocr_line' id='line_1_5' title="bbox 64 426 870 494; baseline 0.004 -16"><span class='ocrx_word' id='word_1_32' title='bbox 64 428 256 488; x_wconf 68' lang='lat' dir='ltr'><strong>tiae‘venerat,</strong></span> <span class='ocrx_word' id='word_1_33' title='bbox 266 432 299 477; x_wconf 92' lang='lat' dir='ltr'><strong>ut</strong></span> <span class='ocrx_word' id='word_1_34' title='bbox 309 426 415 494; x_wconf 86' lang='lat' dir='ltr'><strong>legatos</strong></span> <span class='ocrx_word' id='word_1_35' title='bbox 425 427 462 478; x_wconf 84' lang='lat' dir='ltr'><strong>sd</strong></span> <span class='ocrx_word' id='word_1_36' title='bbox 471 428 614 479; x_wconf 82' lang='lat' dir='ltr'><strong>Tiberium</strong></span> <span class='ocrx_word' id='word_1_37' title='bbox 622 428 759 491; x_wconf 79' lang='lat' dir='ltr'><strong>mitteret,</strong></span> <span class='ocrx_word' id='word_1_38' title='bbox 773 430 870 481; x_wconf 68' lang='lat' dir='ltr'><strong>reden·</strong></span> 
     </span>
     <span class='ocr_line' id='line_1_6' title="bbox 63 494 870 565; baseline 0.001 -17"><span class='ocrx_word' id='word_1_39' title='bbox 63 512 115 565; x_wconf 81' lang='lat' dir='ltr'><strong>qae</strong></span> <span class='ocrx_word' id='word_1_40' title='bbox 124 495 200 547; x_wconf 88' lang='lat' dir='ltr'><strong>ultro</strong></span> <span class='ocrx_word' id='word_1_41' title='bbox 210 494 352 563; x_wconf 76' lang='lat' dir='ltr'><strong>riiistpee</strong></span> <span class='ocrx_word' id='word_1_42' title='bbox 366 496 500 548; x_wconf 68' lang='lat' dir='ltr'><strong>exercitui</strong></span> <span class='ocrx_word' id='word_1_43' title='bbox 514 512 562 549; x_wconf 77' lang='lat' dir='ltr'><strong>reo</strong></span> <span class='ocrx_word' id='word_1_44' title='bbox 577 496 741 563; x_wconf 71' lang='lat' dir='ltr'><strong>postularet,</strong></span> <span class='ocrx_word' id='word_1_45' title='bbox 760 496 870 549; x_wconf 81' lang='lat' dir='ltr'><strong>autdel·</strong></span> 
     </span>
     <span class='ocr_line' id='line_1_7' title="bbox 62 564 871 633; baseline 0 -16"><span class='ocrx_word' id='word_1_46' title='bbox 62 568 120 617; x_wconf 79' lang='lat' dir='ltr'><strong>turn</strong></span> <span class='ocrx_word' id='word_1_47' title='bbox 137 564 327 632; x_wconf 63' lang='lat' dir='ltr'><strong>inexplicabile</strong></span> <span class='ocrx_word' id='word_1_48' title='bbox 345 566 531 618; x_wconf 66' lang='lat' dir='ltr'><strong>minitaretur.</strong></span> <span class='ocrx_word' id='word_1_49' title='bbox 566 566 628 617; x_wconf 85' lang='lat' dir='ltr'><strong>Non</strong></span> <span class='ocrx_word' id='word_1_50' title='bbox 639 566 710 617; x_wconf 86' lang='lat' dir='ltr'><strong>alias</strong></span> <span class='ocrx_word' id='word_1_51' title='bbox 720 569 809 633; x_wconf 83' lang='lat' dir='ltr'><strong>magis</strong></span> <span class='ocrx_word' id='word_1_52' title='bbox 819 578 871 617; x_wconf 78' lang='lat' dir='ltr'><strong>sna</strong></span> 
     </span>
     <span class='ocr_line' id='line_1_8' title="bbox 63 633 870 702; baseline -0.002 -15"><span class='ocrx_word' id='word_1_53' title='bbox 63 633 220 702; x_wconf 87' lang='lat' dir='ltr'><strong>Populiqoe</strong></span> <span class='ocrx_word' id='word_1_54' title='bbox 230 634 308 685; x_wconf 78' lang='lat' dir='ltr'><strong>Rom·</strong></span> <span class='ocrx_word' id='word_1_55' title='bbox 324 635 493 687; x_wconf 86' lang='lat' dir='ltr'><strong>contumelia</strong></span> <span class='ocrx_word' id='word_1_56' title='bbox 505 634 658 687; x_wconf 82' lang='lat' dir='ltr'><strong>indoluisse</strong></span> <span class='ocrx_word' id='word_1_57' title='bbox 669 636 817 687; x_wconf 84' lang='lat' dir='ltr'><strong>Caesarem</strong></span> <span class='ocrx_word' id='word_1_58' title='bbox 830 633 870 685; x_wconf 83' lang='lat' dir='ltr'><strong>is·</strong></span> 
     </span>
     <span class='ocr_line' id='line_1_9' title="bbox 62 700 870 770; baseline 0.001 -16"><span class='ocrx_word' id='word_1_59' title='bbox 62 700 141 766; x_wconf 85' lang='lat' dir='ltr'><strong>runt,</strong></span> <span class='ocrx_word' id='word_1_60' title='bbox 161 718 254 769; x_wconf 82' lang='lat' dir='ltr'><strong>quarn,</strong></span> <span class='ocrx_word' id='word_1_61' title='bbox 273 703 345 770; x_wconf 74' lang='lat' dir='ltr'><strong>quod</strong></span> <span class='ocrx_word' id='word_1_62' title='bbox 358 702 479 754; x_wconf 68' lang='lat' dir='ltr'><strong>decertem</strong></span> <span class='ocrx_word' id='word_1_63' title='bbox 491 712 520 755; x_wconf 87' lang='lat' dir='ltr'><strong>et</strong></span> <span class='ocrx_word' id='word_1_64' title='bbox 532 704 645 770; x_wconf 77' lang='lat' dir='ltr'><strong>praete,</strong></span> <span class='ocrx_word' id='word_1_65' title='bbox 664 702 782 755; x_wconf 63' lang='lat' dir='ltr'><strong>Mam</strong></span> <span class='ocrx_word' id='word_1_66' title='bbox 796 718 870 755; x_wconf 76' lang='lat' dir='ltr'><strong>more</strong></span> 
     </span>
     <span class='ocr_line' id='line_1_10' title="bbox 61 771 903 841; baseline -0.002 -18"><span class='ocrx_word' id='word_1_67' title='bbox 61 780 169 841; x_wconf 81' lang='lat' dir='ltr'><strong>ageret.</strong></span> <span class='ocrx_word' id='word_1_68' title='bbox 186 789 221 825; x_wconf 86' lang='lat' dir='ltr'><strong>ne</strong></span> <span class='ocrx_word' id='word_1_69' title='bbox 232 771 490 839; x_wconf 64' lang='lat' dir='ltr'><strong>Spartoeoqoidem,</strong></span> <span class='ocrx_word' id='word_1_70' title='bbox 507 782 569 839; x_wconf 85' lang='lat' dir='ltr'><strong>port</strong></span> <span class='ocrx_word' id='word_1_71' title='bbox 580 772 870 825; x_wconf 69' lang='lat' dir='ltr'><strong>tetmnieriemex·</strong></span> <span class='ocrx_word' id='word_1_72' title='bbox 900 813 903 821; x_wconf 93' lang='lat'>.</span> 
     </span>
     <span class='ocr_line' id='line_1_11' title="bbox 62 840 869 907; baseline 0.001 -15"><span class='ocrx_word' id='word_1_73' title='bbox 62 841 199 892; x_wconf 78' lang='lat' dir='ltr'><strong>ereitunm</strong></span> <span class='ocrx_word' id='word_1_74' title='bbox 218 841 307 895; x_wconf 75' lang='lat' dir='ltr'><strong>clades</strong></span> <span class='ocrx_word' id='word_1_75' title='bbox 325 840 442 895; x_wconf 80' lang='lat' dir='ltr'><strong>intritam</strong></span> <span class='ocrx_word' id='word_1_76' title='bbox 455 840 568 893; x_wconf 79' lang='lat' dir='ltr'><strong>ltaliam</strong></span> <span class='ocrx_word' id='word_1_77' title='bbox 587 840 688 905; x_wconf 77' lang='lat' dir='ltr'><strong>urenti,</strong></span> <span class='ocrx_word' id='word_1_78' title='bbox 707 856 787 907; x_wconf 73' lang='lat' dir='ltr'><strong>puerei</strong></span> <span class='ocrx_word' id='word_1_79' title='bbox 806 856 869 893; x_wconf 77' lang='lat' dir='ltr'><strong>uest</strong></span> 
     </span>
     <span class='ocr_line' id='line_1_12' title="bbox 63 908 869 979; baseline 0.004 -20"><span class='ocrx_word' id='word_1_80' title='bbox 63 909 186 961; x_wconf 81' lang='lat' dir='ltr'><strong>Sertorii</strong></span> <span class='ocrx_word' id='word_1_81' title='bbox 203 919 285 977; x_wconf 75' lang='lat' dir='ltr'><strong>etque</strong></span> <span class='ocrx_word' id='word_1_82' title='bbox 299 908 473 962; x_wconf 67' lang='lat' dir='ltr'><strong>Mithridati·</strong></span> <span class='ocrx_word' id='word_1_83' title='bbox 492 908 648 979; x_wconf 68' lang='lat' dir='ltr'><strong>ingentibus</strong></span> <span class='ocrx_word' id='word_1_84' title='bbox 667 910 742 963; x_wconf 74' lang='lat' dir='ltr'><strong>tellit</strong></span> <span class='ocrx_word' id='word_1_85' title='bbox 761 910 789 963; x_wconf 81' lang='lat' dir='ltr'><strong>la</strong></span> <span class='ocrx_word' id='word_1_86' title='bbox 806 916 869 962; x_wconf 78' lang='lat' dir='ltr'><strong>oret</strong></span> 
     </span>
     <span class='ocr_line' id='line_1_13' title="bbox 62 977 869 1048; baseline 0.002 -19"><span class='ocrx_word' id='word_1_87' title='bbox 62 977 235 1045; x_wconf 74' lang='lat' dir='ltr'><strong>Respublica,</strong></span> <span class='ocrx_word' id='word_1_88' title='bbox 247 979 348 1041; x_wconf 81' lang='lat' dir='ltr'><strong>daturo,</strong></span> <span class='ocrx_word' id='word_1_89' title='bbox 359 987 389 1030; x_wconf 83' lang='lat' dir='ltr'><strong>nt</strong></span> <span class='ocrx_word' id='word_1_90' title='bbox 396 987 480 1046; x_wconf 85' lang='lat' dir='ltr'><strong>paeto</strong></span> <span class='ocrx_word' id='word_1_91' title='bbox 490 978 519 1030; x_wconf 87' lang='lat' dir='ltr'><strong>in</strong></span> <span class='ocrx_word' id='word_1_92' title='bbox 528 978 612 1048; x_wconf 80' lang='lat' dir='ltr'><strong>fidem</strong></span> <span class='ocrx_word' id='word_1_93' title='bbox 623 977 807 1047; x_wconf 74' lang='lat' dir='ltr'><strong>acciperetur:</strong></span> <span class='ocrx_word' id='word_1_94' title='bbox 825 995 869 1031; x_wconf 87' lang='lat' dir='ltr'><strong>ne·</strong></span> 
     </span>
     <span class='ocr_line' id='line_1_14' title="bbox 62 1046 869 1120; baseline 0 -21"><span class='ocrx_word' id='word_1_95' title='bbox 62 1047 136 1106; x_wconf 74' lang='lat' dir='ltr'><strong>dune,</strong></span> <span class='ocrx_word' id='word_1_96' title='bbox 144 1046 327 1112; x_wconf 70' lang='lat' dir='ltr'><strong>pulcherrimo</strong></span> <span class='ocrx_word' id='word_1_97' title='bbox 336 1046 435 1115; x_wconf 79' lang='lat' dir='ltr'><strong>Populi</strong></span> <span class='ocrx_word' id='word_1_98' title='bbox 443 1046 564 1099; x_wconf 83' lang='lat' dir='ltr'><strong>Romani</strong></span> <span class='ocrx_word' id='word_1_99' title='bbox 571 1046 703 1120; x_wconf 76' lang='lat' dir='ltr'><strong>fastigio,</strong></span> <span class='ocrx_word' id='word_1_100' title='bbox 712 1050 786 1100; x_wconf 79' lang='lat' dir='ltr'><strong>latro</strong></span> <span class='ocrx_word' id='word_1_101' title='bbox 799 1046 869 1099; x_wconf 85' lang='lat' dir='ltr'><strong>Tee-</strong></span> 
     </span>
     <span class='ocr_line' id='line_1_15' title="bbox 28 1113 869 1188; baseline 0 -21"><span class='ocrx_word' id='word_1_102' title='bbox 28 1125 32 1129; x_wconf 87' lang='lat'><em>&#39;</em></span> <span class='ocrx_word' id='word_1_103' title='bbox 55 1115 174 1188; x_wconf 79' lang='lat' dir='ltr'><strong>ferinas</strong></span> <span class='ocrx_word' id='word_1_104' title='bbox 181 1130 249 1183; x_wconf 80' lang='lat' dir='ltr'><strong>pace</strong></span> <span class='ocrx_word' id='word_1_105' title='bbox 258 1124 286 1167; x_wconf 83' lang='lat' dir='ltr'><strong>et</strong></span> <span class='ocrx_word' id='word_1_106' title='bbox 294 1116 458 1168; x_wconf 70' lang='lat' dir='ltr'><strong>concentione</strong></span> <span class='ocrx_word' id='word_1_107' title='bbox 468 1132 599 1185; x_wconf 80' lang='lat' dir='ltr'><strong>agrorum</strong></span> <span class='ocrx_word' id='word_1_108' title='bbox 609 1113 796 1169; x_wconf 77' lang='lat' dir='ltr'><strong>redimeretur.</strong></span> <span class='ocrx_word' id='word_1_109' title='bbox 810 1116 869 1169; x_wconf 85' lang='lat' dir='ltr'><strong>Dat</strong></span> 
     </span>
     <span class='ocr_line' id='line_1_16' title="bbox 61 1182 868 1253; baseline 0.004 -19"><span class='ocrx_word' id='word_1_110' title='bbox 61 1185 208 1251; x_wconf 81' lang='lat' dir='ltr'><strong>negotium</strong></span> <span class='ocrx_word' id='word_1_111' title='bbox 219 1182 330 1248; x_wconf 87' lang='lat' dir='ltr'><strong>Blaeso,</strong></span> <span class='ocrx_word' id='word_1_112' title='bbox 349 1195 451 1237; x_wconf 79' lang='lat' dir='ltr'><strong>eeteros</strong></span> <span class='ocrx_word' id='word_1_113' title='bbox 466 1184 571 1253; x_wconf 75' lang='lat' dir='ltr'><strong>quidem</strong></span> <span class='ocrx_word' id='word_1_114' title='bbox 586 1186 623 1237; x_wconf 82' lang='lat' dir='ltr'><strong>ed</strong></span> <span class='ocrx_word' id='word_1_115' title='bbox 636 1200 707 1252; x_wconf 85' lang='lat' dir='ltr'><strong>rpem</strong></span> <span class='ocrx_word' id='word_1_116' title='bbox 721 1185 868 1251; x_wconf 78' lang='lat' dir='ltr'><strong>proliceret</strong></span> 
     </span>
     <span class='ocr_line' id='line_1_17' title="bbox 61 1252 867 1325; baseline 0.001 -20"><span class='ocrx_word' id='word_1_117' title='bbox 61 1268 143 1305; x_wconf 78' lang='lat' dir='ltr'><strong>erosa</strong></span> <span class='ocrx_word' id='word_1_118' title='bbox 157 1252 213 1305; x_wconf 80' lang='lat' dir='ltr'><strong>eine</strong></span> <span class='ocrx_word' id='word_1_119' title='bbox 227 1270 298 1306; x_wconf 75' lang='lat' dir='ltr'><strong>noxa</strong></span> <span class='ocrx_word' id='word_1_120' title='bbox 309 1253 446 1322; x_wconf 75' lang='lat' dir='ltr'><strong>ponendi5</strong></span> <span class='ocrx_word' id='word_1_121' title='bbox 465 1254 551 1324; x_wconf 76' lang='lat' dir='ltr'><strong>ipsius</strong></span> <span class='ocrx_word' id='word_1_122' title='bbox 565 1263 656 1309; x_wconf 72' lang='lat' dir='ltr'><strong>auten</strong></span> <span class='ocrx_word' id='word_1_123' title='bbox 664 1252 753 1308; x_wconf 81' lang='lat' dir='ltr'><strong>Ducis</strong></span> <span class='ocrx_word' id='word_1_124' title='bbox 763 1270 867 1325; x_wconf 77' lang='lat' dir='ltr'><strong>quoquo</strong></span> 
     </span>
     <span class='ocr_line' id='line_1_18' title="bbox 59 1321 291 1387; baseline 0 -14"><span class='ocrx_word' id='word_1_125' title='bbox 59 1321 141 1373; x_wconf 84' lang='lat' dir='ltr'><strong>modo</strong></span> <span class='ocrx_word' id='word_1_126' title='bbox 144 1324 291 1387; x_wconf 77' lang='lat' dir='ltr'><strong>potiretur.</strong></span> 
     </span>
    </p>

    <p class='ocr_par' dir='ltr' id='par_1_3' title="bbox 54 1388 869 2710">
     <span class='ocr_line' id='line_1_19' title="bbox 54 1388 867 1462; baseline 0.01 -26"><span class='ocrx_word' id='word_1_127' title='bbox 54 1435 57 1436; x_wconf 10' lang='grc' dir='ltr'><em>γ</em></span> <span class='ocrx_word' id='word_1_128' title='bbox 116 1388 241 1443; x_wconf 84' lang='lat' dir='ltr'>LXXIV.</span> <span class='ocrx_word' id='word_1_129' title='bbox 252 1393 297 1443; x_wconf 67' lang='lat' dir='ltr'><strong>nt</strong></span> <span class='ocrx_word' id='word_1_130' title='bbox 311 1394 415 1459; x_wconf 81' lang='lat' dir='ltr'><strong>recepti</strong></span> <span class='ocrx_word' id='word_1_131' title='bbox 431 1408 465 1445; x_wconf 90' lang='lat' dir='ltr'><strong>ea</strong></span> <span class='ocrx_word' id='word_1_132' title='bbox 477 1395 562 1446; x_wconf 82' lang='lat' dir='ltr'><strong>venis</strong></span> <span class='ocrx_word' id='word_1_133' title='bbox 576 1393 711 1462; x_wconf 83' lang='lat' dir='ltr'><strong>plerique.</strong></span> <span class='ocrx_word' id='word_1_134' title='bbox 739 1408 804 1445; x_wconf 83' lang='lat' dir='ltr'><strong>mox</strong></span> <span class='ocrx_word' id='word_1_135' title='bbox 821 1394 867 1445; x_wconf 89' lang='lat' dir='ltr'><strong>ad·</strong></span> 
     </span>
     <span class='ocr_line' id='line_1_20' title="bbox 58 1460 866 1516; baseline 0.005 -7"><span class='ocrx_word' id='word_1_136' title='bbox 58 1474 173 1514; x_wconf 78' lang='lat' dir='ltr'><strong>versum</strong></span> <span class='ocrx_word' id='word_1_137' title='bbox 185 1466 259 1512; x_wconf 85' lang='lat' dir='ltr'><strong>artes</strong></span> <span class='ocrx_word' id='word_1_138' title='bbox 269 1460 457 1515; x_wconf 81' lang='lat' dir='ltr'><strong>&#39;l&#39;aoiarinatis</strong></span> <span class='ocrx_word' id='word_1_139' title='bbox 467 1462 543 1515; x_wconf 89' lang='lat' dir='ltr'><strong>haud</strong></span> <span class='ocrx_word' id='word_1_140' title='bbox 553 1463 679 1514; x_wconf 82' lang='lat' dir='ltr'><strong>dissimili</strong></span> <span class='ocrx_word' id='word_1_141' title='bbox 695 1463 777 1514; x_wconf 83' lang='lat' dir='ltr'><strong>modo</strong></span> <span class='ocrx_word' id='word_1_142' title='bbox 786 1460 866 1516; x_wconf 88' lang='lat' dir='ltr'><strong>belli·</strong></span> 
     </span>
     <span class='ocr_line' id='line_1_21' title="bbox 58 1529 868 1598; baseline -0.001 -17"><span class='ocrx_word' id='word_1_143' title='bbox 58 1535 199 1598; x_wconf 81' lang='lat' dir='ltr'><strong>geratum.</strong></span> <span class='ocrx_word' id='word_1_144' title='bbox 234 1529 304 1582; x_wconf 89' lang='lat' dir='ltr'><strong>Nam</strong></span> <span class='ocrx_word' id='word_1_145' title='bbox 315 1533 381 1598; x_wconf 91' lang='lat' dir='ltr'><strong>quia</strong></span> <span class='ocrx_word' id='word_1_146' title='bbox 390 1531 446 1595; x_wconf 90' lang='lat' dir='ltr'><strong>ille,</strong></span> <span class='ocrx_word' id='word_1_147' title='bbox 457 1533 558 1584; x_wconf 89' lang='lat' dir='ltr'><strong>robore</strong></span> <span class='ocrx_word' id='word_1_148' title='bbox 569 1534 708 1584; x_wconf 87' lang='lat' dir='ltr'><strong>exercitus</strong></span> <span class='ocrx_word' id='word_1_149' title='bbox 718 1535 815 1598; x_wconf 86' lang='lat' dir='ltr'><strong>impar,</strong></span> <span class='ocrx_word' id='word_1_150' title='bbox 826 1530 868 1582; x_wconf 84' lang='lat' dir='ltr'><strong>iu·</strong></span> 
     </span>
     <span class='ocr_line' id='line_1_22' title="bbox 57 1598 868 1667; baseline 0 -17"><span class='ocrx_word' id='word_1_151' title='bbox 57 1598 143 1654; x_wconf 86' lang='lat' dir='ltr'><strong>randi</strong></span> <span class='ocrx_word' id='word_1_152' title='bbox 153 1599 266 1662; x_wconf 88' lang='lat' dir='ltr'><strong>melior,</strong></span> <span class='ocrx_word' id='word_1_153' title='bbox 285 1599 379 1666; x_wconf 88' lang='lat' dir='ltr'><strong>plures</strong></span> <span class='ocrx_word' id='word_1_154' title='bbox 395 1615 444 1666; x_wconf 86' lang='lat' dir='ltr'><strong>per</strong></span> <span class='ocrx_word' id='word_1_155' title='bbox 457 1600 555 1667; x_wconf 84' lang='lat' dir='ltr'><strong>globos</strong></span> <span class='ocrx_word' id='word_1_156' title='bbox 566 1601 722 1652; x_wconf 84' lang='lat' dir='ltr'><strong>incursaret</strong></span> <span class='ocrx_word' id='word_1_157' title='bbox 731 1601 868 1652; x_wconf 80' lang='lat' dir='ltr'><strong>eluderet·</strong></span> 
     </span>
     <span class='ocr_line' id='line_1_23' title="bbox 59 1668 867 1735; baseline 0.007 -17"><span class='ocrx_word' id='word_1_158' title='bbox 59 1682 127 1735; x_wconf 88' lang='lat' dir='ltr'><strong>que,</strong></span> <span class='ocrx_word' id='word_1_159' title='bbox 138 1673 166 1719; x_wconf 87' lang='lat' dir='ltr'><strong>et</strong></span> <span class='ocrx_word' id='word_1_160' title='bbox 175 1668 291 1719; x_wconf 88' lang='lat' dir='ltr'><strong>insidias</strong></span> <span class='ocrx_word' id='word_1_161' title='bbox 299 1670 383 1721; x_wconf 89' lang='lat' dir='ltr'><strong>simul</strong></span> <span class='ocrx_word' id='word_1_162' title='bbox 393 1675 525 1733; x_wconf 85' lang='lat' dir='ltr'><strong>tentaret,</strong></span> <span class='ocrx_word' id='word_1_163' title='bbox 536 1675 594 1721; x_wconf 88' lang='lat' dir='ltr'><strong>tres</strong></span> <span class='ocrx_word' id='word_1_164' title='bbox 605 1670 738 1733; x_wconf 86' lang='lat' dir='ltr'><strong>incessus,</strong></span> <span class='ocrx_word' id='word_1_165' title='bbox 749 1669 867 1724; x_wconf 81' lang='lat' dir='ltr'><strong>totidem</strong></span> 
     </span>
     <span class='ocr_line' id='line_1_24' title="bbox 60 1738 867 1806; baseline 0.004 -20"><span class='ocrx_word' id='word_1_166' title='bbox 60 1739 175 1804; x_wconf 80' lang='lat' dir='ltr'><strong>agmina</strong></span> <span class='ocrx_word' id='word_1_167' title='bbox 189 1743 331 1804; x_wconf 83' lang='lat' dir='ltr'><strong>parantur.</strong></span> <span class='ocrx_word' id='word_1_168' title='bbox 351 1755 387 1790; x_wconf 82' lang='lat' dir='ltr'><strong>ex</strong></span> <span class='ocrx_word' id='word_1_169' title='bbox 402 1740 463 1806; x_wconf 90' lang='lat' dir='ltr'><strong>quis</strong></span> <span class='ocrx_word' id='word_1_170' title='bbox 479 1740 626 1792; x_wconf 86' lang='lat' dir='ltr'><strong>Cornelius</strong></span> <span class='ocrx_word' id='word_1_171' title='bbox 641 1738 733 1806; x_wconf 86' lang='lat' dir='ltr'><strong>Scipio</strong></span> <span class='ocrx_word' id='word_1_172' title='bbox 743 1739 867 1806; x_wconf 82' lang='lat' dir='ltr'><strong>Legatos</strong></span> 
     </span>
     <span class='ocr_line' id='line_1_25' title="bbox 59 1805 867 1876; baseline 0.007 -21"><span class='ocrx_word' id='word_1_173' title='bbox 59 1805 193 1872; x_wconf 84' lang='lat' dir='ltr'><strong>praefuit,</strong></span> <span class='ocrx_word' id='word_1_174' title='bbox 213 1823 268 1874; x_wconf 83' lang='lat' dir='ltr'><strong>qua</strong></span> <span class='ocrx_word' id='word_1_175' title='bbox 282 1809 426 1874; x_wconf 89' lang='lat' dir='ltr'><strong>praedatio</strong></span> <span class='ocrx_word' id='word_1_176' title='bbox 436 1811 465 1859; x_wconf 91' lang='lat' dir='ltr'><strong>in</strong></span> <span class='ocrx_word' id='word_1_177' title='bbox 474 1808 624 1874; x_wconf 85' lang='lat' dir='ltr'><strong>Leptinus,</strong></span> <span class='ocrx_word' id='word_1_178' title='bbox 645 1815 673 1862; x_wconf 85' lang='lat' dir='ltr'><strong>et</strong></span> <span class='ocrx_word' id='word_1_179' title='bbox 682 1807 802 1876; x_wconf 82' lang='lat' dir='ltr'><strong>suffugia</strong></span> <span class='ocrx_word' id='word_1_180' title='bbox 813 1809 867 1861; x_wconf 87' lang='lat' dir='ltr'><strong>Ga·</strong></span> 
     </span>
     <span class='ocr_line' id='line_1_26' title="bbox 60 1877 866 1944; baseline 0.007 -20"><span class='ocrx_word' id='word_1_181' title='bbox 60 1881 234 1926; x_wconf 77' lang='lat' dir='ltr'><strong>ramentum:</strong></span> <span class='ocrx_word' id='word_1_182' title='bbox 253 1878 309 1927; x_wconf 89' lang='lat' dir='ltr'><strong>alio</strong></span> <span class='ocrx_word' id='word_1_183' title='bbox 324 1878 426 1940; x_wconf 85' lang='lat' dir='ltr'><strong>latere,</strong></span> <span class='ocrx_word' id='word_1_184' title='bbox 446 1893 482 1929; x_wconf 89' lang='lat' dir='ltr'><strong>ne</strong></span> <span class='ocrx_word' id='word_1_185' title='bbox 494 1877 660 1930; x_wconf 83' lang='lat' dir='ltr'><strong>Cirtensium</strong></span> <span class='ocrx_word' id='word_1_186' title='bbox 676 1880 739 1944; x_wconf 83' lang='lat' dir='ltr'><strong>pagi</strong></span> <span class='ocrx_word' id='word_1_187' title='bbox 753 1879 866 1944; x_wconf 87' lang='lat' dir='ltr'><strong>impune</strong></span> 
     </span>
     <span class='ocr_line' id='line_1_27' title="bbox 60 1942 866 2012; baseline 0.002 -18"><span class='ocrx_word' id='word_1_188' title='bbox 60 1942 256 2009; x_wconf 86' lang='lat' dir='ltr'><strong>traherentur,</strong></span> <span class='ocrx_word' id='word_1_189' title='bbox 276 1947 416 2012; x_wconf 87' lang='lat' dir='ltr'><strong>propriam</strong></span> <span class='ocrx_word' id='word_1_190' title='bbox 430 1961 543 1998; x_wconf 78' lang='lat' dir='ltr'><strong>manuni</strong></span> <span class='ocrx_word' id='word_1_191' title='bbox 555 1947 672 1999; x_wconf 85' lang='lat' dir='ltr'><strong>Blaesus</strong></span> <span class='ocrx_word' id='word_1_192' title='bbox 687 1947 760 1998; x_wconf 88' lang='lat' dir='ltr'><strong>iilius</strong></span> <span class='ocrx_word' id='word_1_193' title='bbox 775 1947 866 1998; x_wconf 82' lang='lat' dir='ltr'><strong>duxit:</strong></span> 
     </span>
     <span class='ocr_line' id='line_1_28' title="bbox 59 2012 866 2079; baseline 0.004 -16"><span class='ocrx_word' id='word_1_194' title='bbox 59 2012 165 2076; x_wconf 90' lang='lat' dir='ltr'><strong>medio,</strong></span> <span class='ocrx_word' id='word_1_195' title='bbox 185 2028 248 2065; x_wconf 87' lang='lat' dir='ltr'><strong>cum</strong></span> <span class='ocrx_word' id='word_1_196' title='bbox 264 2014 387 2079; x_wconf 88' lang='lat' dir='ltr'><strong>delectis,</strong></span> <span class='ocrx_word' id='word_1_197' title='bbox 407 2015 523 2067; x_wconf 83' lang='lat' dir='ltr'><strong>castella</strong></span> <span class='ocrx_word' id='word_1_198' title='bbox 537 2021 566 2068; x_wconf 90' lang='lat' dir='ltr'><strong>et</strong></span> <span class='ocrx_word' id='word_1_199' title='bbox 576 2017 743 2068; x_wconf 87' lang='lat' dir='ltr'><strong>munitiones</strong></span> <span class='ocrx_word' id='word_1_200' title='bbox 759 2015 866 2068; x_wconf 81' lang='lat' dir='ltr'><strong>idoneis</strong></span> 
     </span>
     <span class='ocr_line' id='line_1_29' title="bbox 58 2081 868 2150; baseline 0.002 -17"><span class='ocrx_word' id='word_1_201' title='bbox 58 2081 131 2133; x_wconf 88' lang='lat' dir='ltr'><strong>locis</strong></span> <span class='ocrx_word' id='word_1_202' title='bbox 151 2084 309 2148; x_wconf 91' lang='lat' dir='ltr'><strong>imponens,</strong></span> <span class='ocrx_word' id='word_1_203' title='bbox 327 2083 393 2135; x_wconf 81' lang='lat' dir='ltr'><strong>Dux</strong></span> <span class='ocrx_word' id='word_1_204' title='bbox 410 2085 472 2150; x_wconf 87' lang='lat' dir='ltr'><strong>ipse</strong></span> <span class='ocrx_word' id='word_1_205' title='bbox 490 2090 554 2136; x_wconf 88' lang='lat' dir='ltr'><strong>arta</strong></span> <span class='ocrx_word' id='word_1_206' title='bbox 569 2091 598 2136; x_wconf 87' lang='lat' dir='ltr'><strong>et</strong></span> <span class='ocrx_word' id='word_1_207' title='bbox 611 2083 721 2137; x_wconf 80' lang='lat' dir='ltr'><strong>intensa</strong></span> <span class='ocrx_word' id='word_1_208' title='bbox 740 2083 868 2136; x_wconf 84' lang='lat' dir='ltr'><strong>hostibus</strong></span> 
     </span>
     <span class='ocr_line' id='line_1_30' title="bbox 61 2151 869 2222; baseline 0.004 -20"><span class='ocrx_word' id='word_1_209' title='bbox 61 2157 164 2204; x_wconf 85' lang='lat' dir='ltr'><strong>cuneta</strong></span> <span class='ocrx_word' id='word_1_210' title='bbox 174 2151 295 2214; x_wconf 85' lang='lat' dir='ltr'><strong>iecerat3</strong></span> <span class='ocrx_word' id='word_1_211' title='bbox 305 2153 378 2218; x_wconf 82' lang='lat' dir='ltr'><strong>quia,</strong></span> <span class='ocrx_word' id='word_1_212' title='bbox 388 2167 499 2220; x_wconf 83' lang='lat' dir='ltr'><strong>quoquo</strong></span> <span class='ocrx_word' id='word_1_213' title='bbox 509 2153 686 2216; x_wconf 83' lang='lat' dir='ltr'><strong>inclinarent,</strong></span> <span class='ocrx_word' id='word_1_214' title='bbox 697 2153 869 2222; x_wconf 75' lang='lat' dir='ltr'><strong>perreliqua</strong></span> 
     </span>
     <span class='ocr_line' id='line_1_31' title="bbox 60 2219 867 2291; baseline 0.006 -21"><span class='ocrx_word' id='word_1_215' title='bbox 60 2219 159 2272; x_wconf 85' lang='lat' dir='ltr'><strong>militis</strong></span> <span class='ocrx_word' id='word_1_216' title='bbox 177 2221 294 2272; x_wconf 83' lang='lat' dir='ltr'><strong>Romani</strong></span> <span class='ocrx_word' id='word_1_217' title='bbox 312 2222 341 2270; x_wconf 94' lang='lat' dir='ltr'><strong>in</strong></span> <span class='ocrx_word' id='word_1_218' title='bbox 360 2236 419 2283; x_wconf 88' lang='lat' dir='ltr'><strong>ore,</strong></span> <span class='ocrx_word' id='word_1_219' title='bbox 437 2223 465 2272; x_wconf 92' lang='lat' dir='ltr'><strong>in</strong></span> <span class='ocrx_word' id='word_1_220' title='bbox 485 2222 584 2284; x_wconf 88' lang='lat' dir='ltr'><strong>latere,</strong></span> <span class='ocrx_word' id='word_1_221' title='bbox 603 2228 632 2273; x_wconf 84' lang='lat' dir='ltr'><strong>et</strong></span> <span class='ocrx_word' id='word_1_222' title='bbox 651 2237 736 2290; x_wconf 87' lang='lat' dir='ltr'><strong>saepe</strong></span> <span class='ocrx_word' id='word_1_223' title='bbox 754 2239 772 2275; x_wconf 85' lang='lat' dir='ltr'><strong>a</strong></span> <span class='ocrx_word' id='word_1_224' title='bbox 786 2229 867 2291; x_wconf 88' lang='lat' dir='ltr'><strong>tergo</strong></span> 
     </span>
     <span class='ocr_line' id='line_1_32' title="bbox 62 2289 868 2358; baseline 0.005 -18"><span class='ocrx_word' id='word_1_225' title='bbox 62 2294 138 2340; x_wconf 85' lang='lat' dir='ltr'><strong>erat:</strong></span> <span class='ocrx_word' id='word_1_226' title='bbox 148 2290 283 2358; x_wconf 87' lang='lat' dir='ltr'><strong>multique</strong></span> <span class='ocrx_word' id='word_1_227' title='bbox 294 2303 327 2341; x_wconf 89' lang='lat' dir='ltr'><strong>eo</strong></span> <span class='ocrx_word' id='word_1_228' title='bbox 338 2289 421 2342; x_wconf 89' lang='lat' dir='ltr'><strong>modo</strong></span> <span class='ocrx_word' id='word_1_229' title='bbox 431 2293 514 2353; x_wconf 81' lang='lat' dir='ltr'><strong>eaesi,</strong></span> <span class='ocrx_word' id='word_1_230' title='bbox 524 2296 574 2342; x_wconf 86' lang='lat' dir='ltr'><strong>aut</strong></span> <span class='ocrx_word' id='word_1_231' title='bbox 583 2292 770 2344; x_wconf 79' lang='lat' dir='ltr'><strong>circumventi.</strong></span> <span class='ocrx_word' id='word_1_232' title='bbox 787 2294 868 2344; x_wconf 82' lang='lat' dir='ltr'><strong>Tune</strong></span> 
     </span>
     <span class='ocr_line' id='line_1_33' title="bbox 61 2358 867 2430; baseline 0.004 -22"><span class='ocrx_word' id='word_1_233' title='bbox 61 2358 236 2425; x_wconf 75' lang='lat' dir='ltr'><strong>tripartitum</strong></span> <span class='ocrx_word' id='word_1_234' title='bbox 261 2360 414 2412; x_wconf 76' lang='lat' dir='ltr'><strong>exercitum</strong></span> <span class='ocrx_word' id='word_1_235' title='bbox 438 2361 534 2426; x_wconf 80' lang='lat' dir='ltr'><strong>plure&#39;s</strong></span> <span class='ocrx_word' id='word_1_236' title='bbox 552 2363 582 2412; x_wconf 86' lang='lat' dir='ltr'><strong>iu</strong></span> <span class='ocrx_word' id='word_1_237' title='bbox 599 2375 700 2412; x_wconf 86' lang='lat' dir='ltr'><strong>manus</strong></span> <span class='ocrx_word' id='word_1_238' title='bbox 723 2359 867 2430; x_wconf 87' lang='lat' dir='ltr'><strong>dispergit,</strong></span> 
     </span>
     <span class='ocr_line' id='line_1_34' title="bbox 61 2429 869 2497; baseline 0.002 -19"><span class='ocrx_word' id='word_1_239' title='bbox 61 2429 263 2494; x_wconf 87' lang='lat' dir='ltr'><strong>praeponitque</strong></span> <span class='ocrx_word' id='word_1_240' title='bbox 273 2429 458 2481; x_wconf 79' lang='lat' dir='ltr'><strong>Centuriones</strong></span> <span class='ocrx_word' id='word_1_241' title='bbox 466 2430 577 2496; x_wconf 75' lang='lat' dir='ltr'><strong>virtutis</strong></span> <span class='ocrx_word' id='word_1_242' title='bbox 588 2434 731 2497; x_wconf 84' lang='lat' dir='ltr'><strong>expertae:</strong></span> <span class='ocrx_word' id='word_1_243' title='bbox 751 2445 816 2494; x_wconf 87' lang='lat' dir='ltr'><strong>nec,</strong></span> <span class='ocrx_word' id='word_1_244' title='bbox 835 2435 869 2481; x_wconf 84' lang='lat' dir='ltr'><strong>ut</strong></span> 
     </span>
     <span class='ocr_line' id='line_1_35' title="bbox 63 2495 866 2566; baseline 0.002 -19"><span class='ocrx_word' id='word_1_245' title='bbox 63 2510 124 2548; x_wconf 87' lang='lat' dir='ltr'><strong>mos</strong></span> <span class='ocrx_word' id='word_1_246' title='bbox 134 2495 237 2559; x_wconf 81' lang='lat' dir='ltr'><strong>iuerat,</strong></span> <span class='ocrx_word' id='word_1_247' title='bbox 246 2502 311 2551; x_wconf 86' lang='lat' dir='ltr'><strong>acta</strong></span> <span class='ocrx_word' id='word_1_248' title='bbox 321 2503 427 2551; x_wconf 87' lang='lat' dir='ltr'><strong>aestate</strong></span> <span class='ocrx_word' id='word_1_249' title='bbox 437 2497 557 2552; x_wconf 83' lang='lat' dir='ltr'><strong>retrahit</strong></span> <span class='ocrx_word' id='word_1_250' title='bbox 566 2502 668 2566; x_wconf 79' lang='lat' dir='ltr'><strong>copias,</strong></span> <span class='ocrx_word' id='word_1_251' title='bbox 678 2501 765 2552; x_wconf 87' lang='lat' dir='ltr'><strong>autin</strong></span> <span class='ocrx_word' id='word_1_252' title='bbox 775 2496 866 2550; x_wconf 86' lang='lat' dir='ltr'><strong>hibor·</strong></span> 
     </span>
     <span class='ocr_line' id='line_1_36' title="bbox 61 2565 868 2636; baseline 0.004 -20"><span class='ocrx_word' id='word_1_253' title='bbox 61 2565 171 2617; x_wconf 88' lang='lat' dir='ltr'><strong>naoulis</strong></span> <span class='ocrx_word' id='word_1_254' title='bbox 180 2567 285 2618; x_wconf 85' lang='lat' dir='ltr'><strong>veteris</strong></span> <span class='ocrx_word' id='word_1_255' title='bbox 294 2568 454 2634; x_wconf 78' lang='lat' dir='ltr'><strong>provinciae</strong></span> <span class='ocrx_word' id='word_1_256' title='bbox 464 2570 620 2636; x_wconf 81' lang='lat' dir='ltr'><strong>componit:</strong></span> <span class='ocrx_word' id='word_1_257' title='bbox 631 2568 682 2621; x_wconf 85' lang='lat' dir='ltr'><strong>sed</strong></span> <span class='ocrx_word' id='word_1_258' title='bbox 690 2574 723 2620; x_wconf 88' lang='lat' dir='ltr'><strong>ut</strong></span> <span class='ocrx_word' id='word_1_259' title='bbox 732 2570 762 2620; x_wconf 95' lang='lat' dir='ltr'><strong>in</strong></span> <span class='ocrx_word' id='word_1_260' title='bbox 772 2567 868 2620; x_wconf 83' lang='lat' dir='ltr'><strong>limine</strong></span> 
     </span>
     <span class='ocr_line' id='line_1_37' title="bbox 62 2634 866 2710; baseline 0.001 -20"><span class='ocrx_word' id='word_1_261' title='bbox 62 2634 141 2701; x_wconf 85' lang='lat' dir='ltr'><strong>belli,</strong></span> <span class='ocrx_word' id='word_1_262' title='bbox 159 2635 304 2706; x_wconf 83' lang='lat' dir='ltr'><strong>dispositis</strong></span> <span class='ocrx_word' id='word_1_263' title='bbox 322 2637 460 2707; x_wconf 77' lang='lat' dir='ltr'><strong>castellis,</strong></span> <span class='ocrx_word' id='word_1_264' title='bbox 478 2650 532 2708; x_wconf 86' lang='lat' dir='ltr'><strong>per</strong></span> <span class='ocrx_word' id='word_1_265' title='bbox 547 2638 692 2710; x_wconf 81' lang='lat' dir='ltr'><strong>expeditos</strong></span> <span class='ocrx_word' id='word_1_266' title='bbox 703 2635 866 2692; x_wconf 66' lang='lat' dir='ltr'><strong>eteoimdi·</strong></span> 
     </span>
    </p>
   </div>
   <div class='ocr_carea' id='block_1_3' title="bbox 0 0 1023 3025">
    <p class='ocr_par' dir='ltr' id='par_1_4' title="bbox 0 0 1023 3025">
     <span class='ocr_line' id='line_1_38' title="bbox 0 0 1023 3025; baseline 0 0"><span class='ocrx_word' id='word_1_267' title='bbox 0 0 1023 3025; x_wconf 95' lang='lat' dir='ltr'><strong> </strong></span> 
     </span>
    </p>
   </div>
  </div>
 </body>
</html>
