2034 3025
137 145 156 199 4
232 144 850 217 Hls'roalsltvm[transnatat

138 254 259 338 [uitium
277 283 344 336 mihi
366 284 457 352 operis
470 281 530 336 Ser.
548 283 637 336 Galba
652 285 752 336 iterum
759 285 773 350 ,¹
796 288 830 339 T.
844 288 944 344 Vinius

137 357 272 412 Consules
281 350 373 408 erunt.
408 353 487 417 Nam,
501 361 566 421 post
576 355 714 406 conditam
726 356 832 420 urbem,
842 362 948 426 septim·

136 433 237 496 gentos
248 431 277 478 et
286 425 382 494 viginti
391 426 492 491 prioris
502 425 562 476 aevi
574 423 661 475 annos
672 425 753 475 multi
764 433 893 487 auctores
901 445 945 482 re·
978 465 980 474 t

137 497 277 560 tulerunt,
296 495 363 548 dum
377 510 422 546 res
433 494 533 560 Populi
546 494 629 560 llom.
646 496 875 549 memorabantur
885 501 949 566 pari

77 626 81 628 ,
138 567 298 647 eloquentia
317 581 350 618 ac
369 563 508 635 libertate.
545 563 695 630 Postquam
715 564 851 618 bellatum
872 569 947 636 apud

138 639 260 701 hotrum,
278 641 362 703 atque
377 649 486 686 omnem
498 639 664 700 potestatem
681 633 715 684 ad
726 649 811 686 unum
823 638 946 690 'conferri

138 710 214 774 pacis
223 705 361 769 interfuit,
375 718 477 772 magna
486 704 538 755 illa
547 703 658 771 ingenia
669 719 790 756 cessere:
809 707 892 772 simul
901 723 946 760 ve·

138 779 208 830 ritas
224 776 350 844 pluribus
366 773 455 825 modis
469 773 603 836 intracta;
623 774 742 840 primum
757 774 869 828 inscitia
884 778 948 830 Ret-

139 847 267 914 publicae
288 849 319 895 ut
338 844 460 908 alienae,
483 858 549 895 mox
564 843 677 894 libidine
694 843 872 912 adsentandi,
896 854 947 899 aut

71 956 75 963 ,
137 931 236 975 rursus
252 915 316 966 odio
336 914 469 967 adversus
483 913 671 965 dominantes:
701 914 741 964 ita
756 917 863 968 neutris
879 932 946 970 cura

138 985 321 1053 posteritatis,
339 986 412 1037 inter
422 983 546 1046 infensos
557 982 603 1036 vel
613 983 757 1034 obnoxios.
794 983 848 1038 Sed
861 987 946 1040 ambi.

36 1087 41 1102 t
138 1056 243 1108 monem
262 1053 508 1122 scriptorisfacile
528 1053 697 1118 adverseris3
731 1054 897 1108 obtrectatio
917 1061 948 1110 et

138 1124 210 1176 livor
224 1126 320 1192 pronis
335 1125 449 1176 auribus
469 1125 651 1193 accipiuntur.
673 1123 774 1192 quippe
790 1125 947 1179 adulationi

139 1193 253 1249 foedum
266 1196 371 1246 crimen
385 1195 543 1256 servitutis,
567 1193 736 1260 malignitati
753 1193 822 1246 salsa
837 1197 946 1260 species

138 1260 277 1316 libertatis
292 1264 372 1315 inest.
408 1261 479 1314 Mihi
496 1262 599 1325 Galba,
623 1260 709 1327 Otho,
732 1261 873 1325 Vitellius,
892 1278 946 1316 nec

138 1333 288 1396 beneficio,
306 1348 358 1385 nec
371 1333 474 1383 iniuria
484 1330 597 1399 cognati.
635 1333 809 1400 Dignitatem
819 1337 943 1384 nostram

138 1417 156 1454 a
175 1404 348 1472 Vespasiano
367 1401 540 1466 inchoatam,
565 1419 582 1454 a
597 1404 662 1454 'rito
679 1409 801 1466 auctam,
820 1419 837 1454 a
849 1403 946 1454 Domi·

137 1475 217 1527 tiano
232 1473 343 1543 longius
358 1478 536 1540 provectam,
554 1487 607 1526 non
621 1474 776 1537 abnuerimz
794 1472 842 1527 sed
852 1475 946 1525 incon·
961 1489 964 1494 ·

137 1550 250 1612 ruptam
259 1545 343 1599 iidem
352 1543 498 1611 professis,
518 1559 568 1595 nec
580 1558 675 1595 aurore
690 1546 835 1612 quisquam
847 1550 875 1596 et
884 1544 945 1597 sine

138 1615 204 1666 odio
215 1614 347 1667 dicendus
359 1621 410 1667 est.
447 1614 529 1677 Quod
544 1616 566 1663 si
582 1613 640 1665 vita
651 1614 822 1679 suppeditet,
840 1612 945 1665 Princi-

137 1691 233 1751 patum
249 1685 284 1736 1).
300 1684 406 1736 Nervae
421 1690 450 1736 et
466 1683 615 1749 lmperium
629 1682 757 1743 'l'raiani,
785 1683 946 1736 uberiorem

136 1755 360 1819 securioremque
381 1753 539 1813 materiam,
568 1750 705 1803 senectuti
725 1754 850 1815 seposui:
878 1766 947 1805 rara

135 1828 293 1889 temporum
303 1821 446 1885 felicitate,
460 1820 632 1883 ubisentire,
645 1816 803 1889 quaerelis,
820 1822 856 1884 et,
869 1827 946 1891 quae

133 1894 254 1957 sentias,
272 1891 364 1944 dicere
374 1890 449 1943 licet.
813 1904 815 1909 ·
846 1885 869 1903 “’

121 2050 125 2055 Α
186 1994 223 2046 ll.
258 1994 336 2061 Opus
344 1994 495 2061 adgredior
504 1994 628 2059 opimum
639 1992 758 2057 casibus,
771 1997 948 2063 atrosproe-

40 2106 43 2114 .
136 2063 196 2126 liis,
221 2062 328 2115 discors
344 2064 539 2124 seditionibus,
567 2063 627 2127 ipsa
642 2064 808 2130 etiampaoe
823 2078 947 2133 saevum.

44 2158 48 2164 ,
135 2133 265 2195 quatuor·
274 2133 416 2200 Principes
431 2132 506 2184 ferro
518 2134 687 2200 interempti.
722 2134 810 2188 Trina
824 2134 949 2190 bellaci·

135 2201 217 2265 vilia,
239 2202 456 2270 pluraexterna
470 2217 504 2254 ac
518 2202 683 2273 plerumque
717 2204 844 2257 ermixts.
880 2204 948 2257 Pro·

85 2321 88 2325 Α
136 2286 235 2339 sperae
245 2276 274 2325 in
284 2273 414 2337 Oriente,
433 2272 568 2325 adversae
582 2273 612 2323 in
623 2218 773 2327 Occifeute
784 2286 838 2327 res.
874 2275 947 2325 Tur·

78 2349 81 2351 ’
135 2342 233 2395 batum
248 2343 406 2412 lllyricumt
425 2342 536 2395 Galliae
551 2347 696 2395 nutantesr
715 2342 948 2410 perdomitaBri·

136 2414 233 2466 tannia
249 2419 279 2465 et
291 2415 386 2465 statim
401 2415 498 2465 missar
519 2418 630 2465 cointae
646 2415 673 2465 in
690 2428 743 2465 nos
753 2412 947 2465 Sarmatarum

136 2498 171 2533 sc
190 2482 344 2537 Succorum
363 2488 475 2550 gentem
514 2482 679 2535 nobilitatus
699 2483 824 2537 cladibus
842 2483 947 2539 mutuis

40 2563 44 2567 ·
138 2551 243 2605 Dacus.
279 2554 359 2605 illota
378 2552 462 2604 etiarn
481 2568 568 2621 prope
584 2552 751 2607 Parthorum
767 2565 857 2615 arnna,
874 2550 947 2615 ,falsi

104 2675 107 2684 Α
138 2621 258 2675 Neronis
268 2622 395 2676 ludibrio.
432 2625 490 2675 lam
499 2637 568 2675 vero
578 2624 659 2675 ltalia
670 2624 747 2675 noris
757 2621 891 2683 cladibus,
901 2620 946 2673 vel

138 2697 201 2759 post
219 2695 329 2762 longam
349 2694 525 2746 saeculorum
539 2695 638 2747 seriem
656 2693 796 2761 repetitis,
822 2688 946 2743 addicta.
