2034 3025
184 120 233 175 reu
293 113 597 173 nrsroarlnvrr
632 97 923 187 [susanam

181 222 374 294 perfugerant,
402 221 462 273 erui
471 217 647 286 iugularique
665 221 901 286 expostulantes,
922 231 993 290 parte

180 295 286 346 maiore
294 292 415 357 praedae
424 292 610 357 potiebantur.
646 304 719 352 nam,
730 290 822 341 milite
835 292 876 342 ad
889 296 993 359 sangui·

132 392 136 398 ·
181 379 245 415 nem
264 367 294 413 et
312 360 410 411 caedes
430 361 557 422 obverso,
567 359 655 425 spolia
674 360 702 409 in
722 358 823 424 vulgus
848 360 992 413 cedebant.

181 432 271 484 Sacra
281 444 313 482 ac
324 428 457 480 deformis
470 431 540 480 urbe
554 432 616 478 tota
629 427 724 479 facies.
760 428 829 477 alibi
849 430 993 495 proeliari

179 501 310 563 rulnera3
330 498 398 549 alibi
408 497 535 550 balineae
552 497 737 563 popinaeque:
760 498 851 547 simul
869 514 959 550 cruor
971 504 994 549 et

181 576 273 620 strues
293 582 452 633 corporum:
487 566 566 615 iuxta
584 564 731 616 scurta'et
750 568 859 616 scortis
880 569 992 619 similes:

183 643 318 707 quantum
339 638 368 686 in
386 635 529 686 luxurioso
549 634 606 685 otio
626 633 788 697 libidinum3
808 636 950 704 quiequid
969 638 993 686 iu

181 706 358 760 acerbissima
367 704 527 771 captivitate
537 703 686 754 scelerum:
703 716 819 769 prorsus
830 711 868 755 ut
880 707 992 757 eandem

182 777 322 827 ciritatem
337 778 366 825 et
380 773 474 825 furere
489 772 619 824 crederes
634 778 663 824 et
680 772 816 823 lascivire.
860 774 992 825 condire

181 849 246 897 rant
256 848 319 895 ante
330 843 430 893 annau
440 843 578 893 exercitus
588 844 614 891 in
626 843 704 903 urbe,
709 841 751 891 bis
762 840 796 891 L.
808 840 906 905 Sulla,
914 842 991 895 semel

182 914 271 963 Cinna
282 912 439 962 victoribus.
475 926 528 963 nee
537 916 604 961 tunc
613 910 703 963 minus
714 909 911 962 crudelitatis:
927 927 991 962 nuno

181 979 332 1032 inhumana
341 980 490 1044 securitas,
508 984 538 1031 et
553 994 588 1031 ne
602 978 717 1031 minimo
731 978 846 1045 quidem
862 983 991 1047 temporis

182 1050 339 1115 voluptates
345 1051 530 1101 intermissae.
556 1048 633 1099 relut
644 1047 722 1099 lestis
733 1048 831 1098 diebus
844 1050 877 1100 id
887 1063 991 1118 qnoque
1012 1060 1013 1069 ³

133 1166 145 1176 ,
168 1120 314 1186 ¹gaudium
335 1118 491 1179 accederet,
507 1118 693 1179 exsultabant,
712 1116 899 1182 fruebantur;
921 1118 992 1170 nulla
1012 1154 1013 1185 ,

182 1190 304 1256 partium
316 1202 392 1249 cura,
411 1187 491 1236 malis
502 1187 617 1253 publicis
628 1187 703 1237 laeti.
740 1230 770 1250 N,
1012 1194 1013 1253 j

235 1254 387 1308 Lxxxtv.
422 1254 575 1307 Plurimum
590 1256 671 1306 molis
685 1256 712 1305 in
729 1256 993 1321 oppugnationem·
1012 1260 1013 1283 ³

184 1332 307 1390 atrorum
327 1324 395 1387 luit,
413 1341 485 1393 quae
504 1327 659 1377 acerrimus
675 1324 802 1391 quisque,
829 1330 864 1375 ut
883 1328 1013 1395 norissig

183 1411 257 1448 mam
269 1411 355 1462 spem,
373 1395 540 1447 retinebant
577 1396 618 1446 Eo
627 1394 762 1444 intentius
773 1394 910 1457 victores,
922 1410 996 1462 prae·
1012 1422 1013 1467 p

185 1468 267 1533 cipue
278 1471 401 1517 veterum
414 1462 570 1516 cohortium
582 1464 685 1525 studio,
702 1469 802 1514 cuncta
810 1463 997 1517 validissima·
1012 1472 1013 1532 l

184 1551 246 1588 nrm
257 1536 367 1602 urbium
382 1535 497 1586 excidiis
507 1533 619 1600 repe'rta
628 1533 712 1583 simul
722 1533 895 1598 admovent,
914 1541 998 1588 testu·

185 1604 292 1666 dinem,
310 1599 472 1667 tormenta,l
484 1603 615 1670 aggeres,
633 1601 774 1668 facesque:
803 1602 946 1670 quidquid
963 1611 998 1655 tot

184 1673 294 1743 proeliis
308 1673 410 1724 laboris
424 1690 458 1724 uc
468 1673 587 1740 periculi
603 1671 766 1733 hausissent,
785 1687 869 1738 opere
878 1672 934 1724 illo
945 1691 999 1726 eua-

185 1741 328 1805 sumusurs‘,
356 1743 539 1793 clamitantes.
581 1739 677 1792 Vrbem
698 1739 813 1792 Senatui
833 1757 871 1792 ac
890 1741 1000 1810 Populo

183 1811 372 1880 Rom.temp1a
382 1809 447 1862 Diis
454 1811 577 1862 redditu.-
591 1825 733 1878 preprium
742 1824 799 1860 esse
808 1809 913 1862 militis
926 1813 1002 1864 decus

184 1881 214 1933 s'n
232 1881 357 1932 οαιτνίε.Ι
376 1879 452 1932 illam
468 1881 601 1949 putrium,
619 1879 678 1930 illos
688 1879 817 1945 Penates.
855 1878 892 1931 ni
907 1882 1002 1934 statim

185 1949 366 2014 recipiantur,
384 1959 487 2001 noctem
506 1947 535 1999 is
549 1947 634 1999 aroris
652 1947 794 2018 agendam.
831 1948 951 2002 contra
964 1949 1004 2002 Vi·

186 2017 307 2078 telliani,
317 2032 482 2086 quamquam
493 2031 608 2068 nurnero
619 2017 735 2086 fatoque
744 2017 882 2084 dispares,
893 2020 1005 2088 inquie-

187 2093 248 2136 tare
258 2086 411 2146 victoriam,
428 2086 532 2136 morari
542 2100 649 2151 pacem,
659 2088 756 2140 domos
765 2100 888 2154 arasque
902 2104 1005 2142 cruore

187 2155 310 2217 foedare,
327 2170 457 2220 suprema
466 2155 544 2206 victis
555 2154 655 2207 solatia
665 2151 922 2223 amplectebantur.
933 2158 1005 2210 lilul-

188 2224 1004 2295 tisemianimes,superturresetpropugnacularnocniunr

188 2296 373 2360 exspiravere.
410 2293 556 2345 Consulsis
574 2297 678 2360 portis,
695 2295 819 2362 reliquus
833 2295 945 2362 globus
960 2297 1004 2349 ob

182 2364 253 2414 ,tulit
262 2378 293 2414 se
302 2361 465 2413 victoribus:
484 2368 513 2413 et
528 2361 764 2416 cecidereonmes
780 2366 938 2415 contrariis
949 2366 1003 2418 rul-

187 2431 310 2493 neribus,
320 2429 394 2481 versi
403 2431 432 2478 in
442 2427 559 2481 bostem.
596 2445 630 2481 ea
640 2447 705 2482 cura
716 2433 799 2484 etiam
810 2434 1004 2486 morientibus

188 2499 281 2551 decori
296 2499 388 2548 exitus
403 2496 466 2548 fuit
500 2497 643 2560 Vitellius,
661 2506 742 2566 capta
757 2501 836 2562 urbe,
853 2515 912 2566 per
928 2519 1006 2556 aver·

188 2581 247 2617 sam
263 2565 359 2630 palatii
374 2570 497 2630 partem,
514 2565 694 2627 Aventinum,
713 2570 742 2618 in
758 2569 872 2618 domurn
889 2574 1008 2634 uxoris,

60 2648 64 2657 ’
121 2688 124 2692 A
141 2682 146 2692 ⁴
188 2633 291 2684 sellula
301 2631 439 2685 desertura
458 2637 500 2696 ut,
516 2633 541 2683 si
551 2631 623 2685 diem
633 2633 742 2688 latebra
751 2639 913 2703 stravisset,
937 2642 1008 2693 Tar·
