2034 3025
89 35 96 46 ”
160 65 467 120 mamerano.
505 65 796 133 summanum
831 64 883 116 227

81 169 248 226 ludaeorum
258 183 311 220 res.
347 170 397 231 Et,
414 169 479 234 quia
489 167 562 234 apud
572 169 646 234 ipsos
657 167 725 217 fides
735 167 883 230 obstinate,

80 237 269 290 misericordia
282 237 311 287 in
331 245 474 303 promptu,
493 237 542 286 sed
557 237 688 287 adversus
702 250 797 285 omnes
813 234 883 285 alios

78 305 181 361 hostile
192 306 293 367 odium,
304 308 429 370 separati¹
437 302 533 370 epulis,
544 304 654 367 discreti
667 302 812 371 cubilibus,
822 317 884 368 pro·
943 319 947 323 ¹

80 375 235 427 iectissima
249 373 286 431 ad
301 374 442 425 libidinem
461 387 544 440 gens,
564 374 718 424 alienarum
735 370 883 422 concubitu

81 442 235 504 abstinent3
254 443 328 494 intcr
341 457 371 492 se
385 439 453 492 nibil
463 442 614 504 inlicitum3
632 441 829 491 circumcidere
838 452 885 506 ge·

22 563 26 568 Δ
80 510 182 570 uitalia
196 511 355 572 instituere,
376 516 408 559 ut
417 509 578 562 diversitate
589 515 748 560 noscantur.
782 509 887 560 'l'ranse

81 581 170 648 gressi
186 579 215 628 in
229 591 334 630 morem
355 593 450 628 eorum
462 579 545 639 ,idem
565 584 714 644 usurpant:
736 591 789 628 nec
808 575 885 644 quid·

81 663 164 716 quarn
176 647 251 712 prius
261 647 421 708 inbduntur,
432 661 514 713 quam
525 645 792 709 contemneremus,
802 658 886 696 exue-

70 731 113 769 re
128 715 256 783 patriam,
276 721 415 782 parentes,
434 715 545 782 liberos,
566 715 675 778 iratres,
694 714 759 766 vilia
772 713 884 766 habere.

81 783 230 850 Augendae
241 789 332 834 tamen
340 783 516 834 'multitudini
527 785 690 836 consulitur.
723 783 793 835 Nam
802 789 832 835 ct
840 799 886 836 na·

82 867 148 904 care
158 867 323 920 quemquam
335 868 369 904 cx
380 853 516 920 adgnatis,
527 854 618 905 nefas:
637 855 797 921 animasque
806 867 885 919 proe-

81 919 182 976 lioaut
192 923 334 990 suppliciis
345 927 550 987 peremptorum
558 930 686 974 aeternas
694 926 803 988 putant.
813 923 886 972 Hinc

80 990 236 1058 generandi
251 1005 329 1040 amor
344 995 372 1041 et
387 989 524 1042 moriendi
540 995 725 1056 contemptus.
762 991 885 1056 Corpora
908 994 909 997 ’

68 1053 212 1118 condere,
224 1073 303 1126 quam
316 1072 447 1120 cremare,
458 1071 473 1110 e
485 1072 562 1109 more
572 1059 721 1126 Aegyptio:
733 1058 885 1126 eademque

81 1142 162 1189 cura,
183 1131 212 1178 et
232 1126 266 1178 de
285 1125 400 1176 infernis
418 1128 571 1193 persuasio.
595 1125 756 1178 coelestium
778 1133 885 1176 contra.
920 1124 923 1131 '

81 1195 211 1262 Aegyptii
236 1194 368 1262 pleraque
388 1195 520 1246 animalia
539 1195 699 1262 effigiesque
721 1196 885 1260 compositas

81 1263 378 1326 venerantur;‚ludaei
394 1269 486 1318 mente
501 1263 563 1314 sola
577 1277 719 1331 unumque
728 1263 837 1314 Numen
847 1267 886 1312 in·

81 1332 221 1398 telligunt
258 1331 411 1402 Profunot,
430 1331 478 1412 qui
488 1329 577 1405 Deum
587 1331 719 1401 imagines
728 1331 886 1382 mortalibus
971 1344 974 1347 ’

81 1399 205 1454 nisteron
216 1397 245 1450 in
252 1400 353 1464 ‘species
364 1399 498 1452 bominum
514 1399 662 1468 fingant.-
680 1413 810 1450 tammum
820 1397 886 1449 illud

82 1476 111 1521 et
120 1469 267 1531 octauum,
282 1467 513 1535 nequennutobile,
522 1483 606 1533 neque
615 1466 800 1521 interimam.
836 1467 887 1537 lgr-

81 1542 129 1588 tur
140 1537 218 1588 nulla
228 1536 377 1588 simulacra
387 1537 501 1590 urbibus
512 1538 583 1600 suis,
598 1537 698 1589 nedum
708 1536 835 1603 templis,
852 1536 887 1587 si·

81 1610 160 1657 nunt.
196 1604 257 1656 Non
269 1606 389 1671 Regibus
404 1604 475 1657 baec
493 1605 632 1670 adulatio,
651 1621 705 1657 non
722 1604 887 1657 Caesaribus
978 1593 981 1604 ¹

82 1671 181 1726 bonor.
218 1671 285 1733 Sed,
301 1678 366 1741 quia
377 1674 543 1725 Sacerdotes
553 1690 647 1726 eorum
658 1676 728 1726 tibia
736 1676 887 1741 tympanis·

82 1757 137 1810 que
147 1742 336 1811 concinebant,
347 1742 450 1795 hedera
459 1744 658 1808 vinciebantur,
672 1742 791 1811 vitisque
800 1758 887 1813 aurea

81 1810 187 1878 templo
208 1816 331 1876 reperta,
354 1810 482 1863 Liberum
501 1812 617 1863 Patrem
636 1812 702 1876 coli,
729 1810 887 1865 domitorem

84 1874 217 1941 Orientis,
236 1879 347 1945 quidam
358 1882 486 1933 arbitrati
497 1887 570 1943 sunt,
585 1877 757 1949 nequaquam
768 1894 886 1949 cougra-
953 1875 960 1886 ⁴

82 1948 191 2011 cotibus
201 1948 344 1999 institutis.
361 1950 460 2017 quippe
470 1948 556 2001 Liber
565 1948 652 2001 festos
661 1951 806 2018 laetosque
815 1952 886 2001 ritus

80 2016 186 2085 posuit3
203 2014 368 2091 lud-aeorum
380 2035 440 2069 nius
455 2018 591 2071 absurdus
601 2021 791 2088 sordidosque.

141 2084 187 2136 Vl.
206 2086 299 2137 Terra
315 2086 449 2156 finesque,
471 2103 525 2156 qua
546 2088 581 2148 ad
597 2089 738 2141 Orientem
757 2094 885 2156 vergunt,

80 2152 181 2203 Arabia
191 2155 389 2217 terminantur;
406 2171 422 2206 a
434 2157 549 2206 meridie
560 2156 706 2224 Aegyptus
717 2158 839 2218 obiacet3
851 2156 885 2205 ab

80 2236 181 2272 occasu
196 2219 348 2273 Phoenices
368 2229 396 2274 et
416 2239 506 2287 mare3
525 2229 743 2291 septentrionem
761 2240 779 2276 a
796 2224 886 2274 latere

80 2288 181 2355 Syriae
193 2291 275 2357 longe
291 2297 489 2358 prospectant.¹
514 2294 639 2361 Corpora
654 2294 795 2345 hominurn
812 2290 884 2342 salu-

79 2358 142 2409 bria
158 2364 187 2411 et
203 2359 323 2415 ferentia
336 2360 476 2412 laborum·
501 2362 560 2413 rari
574 2362 686 2425 imbres,
699 2363 769 2413 uber
782 2361 883 2413 solum.

79 2426 175 2495 fruges
186 2434 311 2479 nostrum
322 2429 357 2479 ad
368 2444 487 2481 rnorem:
497 2437 665 2500 praeterque
672 2446 719 2483 eas
727 2431 882 2482 balsamum

78 2501 109 2549 et
119 2496 237 2565 palmae.
255 2493 388 2551 Palmetis
397 2501 553 2565 proceritas
564 2500 696 2552 et-decor.
723 2498 883 2552 Balsamum

52 2576 55 2584 ¹
77 2566 187 2618 modice
206 2566 302 2618 arbor:
322 2570 487 2637 utquisque
507 2584 603 2625 ramus
622 2570 767 2633 intumuit,
784 2570 808 2620 sl
829 2568 882 2619 rim

626 2638 676 2692 1³2
