2034 3025
65 166 67 170 ·
88 143 217 201 niun.
239 110 787 220 cnr.ot-or.[n.v.man.e70.1
809 112 870 207 roo·

51 254 192 321 probitate
203 258 252 303 aut
260 252 399 304 industria
413 254 541 305 certavit:
561 270 646 305 unum
658 255 694 307 ad
704 260 856 321 potentiam

51 325 116 385 lter,
126 322 249 389 prodigis
259 322 349 389 epulis
360 326 390 374 et
397 328 509 388 sumptu
519 338 660 391 ganeaque
669 326 773 377 satiare
783 328 858 377 inex-

52 392 169 459 plebiles
178 390 287 445 Vitellii
298 390 436 443 libidines.
454 394 518 459 lpse
529 392 638 444 abunde
648 398 735 456 ratus,
745 396 770 444 si
780 408 857 461 prae-

51 461 175 513 sentibus
186 458 337 526 frueretur,
345 474 406 515 ,nec
414 460 442 510 in
452 460 564 528 longius
573 461 743 525 consultans,
761 462 857 515 novies

48 529 153 581 millies
163 530 330 601 sestertium,
349 530 520 595 paucissimis
530 531 677 593 mensibus,
687 532 856 584 intervertis-

34 610 80 651 ‘se
91 598 223 650 creditur.
258 598 363 666 Magna
381 604 410 652 ct
427 599 530 651 misera
551 600 656 661 ciuitas,
667 600 764 653 ecdem
783 614 856 651 anino

50 665 190 720 Othonem
201 666 402 735 Vitelliumque
421 682 512 735 passa,
532 670 607 721 inter
617 670 725 731 Vinios,
745 670 856 731 Fabios,

49 736 151 798 leelos,
159 735 307 798 Asiaticos,
321 736 398 789 varia
407 743 436 789 et
446 737 576 804 pudenda
585 743 663 791 sorte
675 738 790 807 agebat3
811 740 859 789 do·

49 820 103 859 nec
117 819 276 857 successere
290 806 436 858 Mucianus
451 813 481 860 et
495 807 649 861 Marcellus
663 812 693 861 et
706 809 794 876 magis
810 808 857 859 alii
908 829 911 833 ¹

48 874 277 944 henrimannum
288 875 445 932 aiiimores.
864 884 868 892 “

102 942 197 997 xcvi.
239 945 333 998 Prima
351 948 468 1001 Vitellio
488 946 588 999 tertiae
607 946 722 1017 legionis
742 946 857 1021 desertio

49 1016 212 1078 nuntiatur,
231 1016 322 1066 missis
333 1016 368 1067 ab
378 1017 485 1082 Aponio
496 1016 647 1068 Saturnino
658 1018 790 1083 epistolis,
811 1032 857 1067 nn-

48 1090 162 1151 tequam
171 1085 195 1135 is
210 1098 320 1156 quoque
330 1082 491 1150 Vespasiani
505 1086 631 1151 partibus
646 1086 856 1153 adgregaretur.

51 1152 107 1205 Sed
123 1168 214 1221 neque
228 1155 353 1219 Aponius
366 1158 478 1216 cuncta,
498 1161 531 1205 ut
551 1154 696 1219 trepidans
711 1170 742 1206 re
758 1156 857 1217 subita,

49 1224 264 1290 perscripserat,
285 1224 404 1274 etamici
415 1222 562 1275 adulantes
572 1222 685 1277 mollius
695 1223 858 1290 interpreta-

50 1294 166 1344 bantur:
187 1290 268 1343 anius
277 1291 393 1359 legionis
402 1308 460 1343 eum
469 1292 635 1355 seditionem,
650 1292 747 1343 ceteris
758 1294 858 1344 ererri·

49 1360 122 1412 tibus
132 1359 354 1427 constarestdem.
391 1361 422 1413 ln
433 1360 504 1412 hunc
513 1361 625 1412 modum
636 1360 857 1413 etiamVitellins

50 1427 126 1496 apud
138 1428 240 1477 milites
251 1428 397 1488 disseruit,
416 1426 614 1492 Praetorianos
630 1444 718 1493 nuper
729 1436 857 1481 exaucto·
965 1427 975 1433 ’

50 1502 130 1550 ratos
140 1497 300 1557 insectatus,
308 1513 326 1548 a
334 1495 430 1562 quibes
435 1498 526 1570 falsos
537 1510 658 1550 rancores
668 1496 795 1566 dispergi,
809 1515 857 1550 ner
951 1503 954 1508 ’
988 1571 991 1578 Ι

51 1563 231 1618 ullumcicilis
242 1563 421 1628 bellicensium,
441 1566 629 1628 adseverabat,
647 1580 794 1632 suppresso
804 1567 869 1620 Vc?

51 1635 172 1702 spasiani
186 1634 311 1696 nomine,
330 1639 360 1685 et
376 1637 454 1702 vagia
468 1650 519 1700 per
532 1636 630 1686 urbem
643 1635 790 1697 militibus,
810 1639 856 1704 qui

50 1718 194 1758 sermones
205 1702 300 1770 populi
310 1709 480 1755 coercerent.
515 1705 544 1756 id
557 1704 733 1772 praecipuum
745 1704 857 1758 alimen·

50 1781 109 1830 tum
122 1773 212 1825 famae
220 1778 292 1826 erat.
578 1825 580 1832 ,

87 1842 211 1914 ,xcvii
247 1843 357 1896 domiin
367 1843 647 1897 tameaeGermania
656 1844 857 1912 Britanniaque

51 1920 81 1966 et
91 1913 234 1978 Hispaniis
244 1915 358 1976 excivit,
377 1915 513 1980 segniter,
535 1913 569 1964 et'
577 1915 769 1966 necessitatem
781 1915 856 1964 dissi-

49 1981 169 2034 mulans.
205 1979 325 2044 Perinde
343 1981 442 2049 Legati
461 1983 673 2049 provinciaeque
693 1983 857 2035 cunctaban-

50 2058 111 2121 tur:
132 2050 311 2102 Hordeonius
322 2051 449 2112 Flaccus,
465 2053 600 2118 suspectis
611 2053 665 2109 iam
677 2052 799 2116 Batavis,
810 2067 857 2104 an·

50 2122 114 2171 xius
124 2121 238 2184 proprio
249 2120 337 2184 bello;
357 2119 471 2172 Vectius
485 2121 618 2183 Bolanus,
638 2137 778 2189 nunquam
789 2125 856 2174 satis

51 2186 149 2256 quieta
167 2187 327 2240 Britannia:
356 2194 520 2256 etute1·que
545 2190 674 2258 ambigui.
711 2207 801 2256 neque
821 2205 855 2242 ex
885 2191 888 2216 ³

51 2256 192 2323 Hispaniis
203 2258 413 2323 properabatur,
428 2259 575 2312 nullatum
587 2259 624 2310 ibi
636 2260 791 2312 consulari.
808 2261 855 2310 tri·

50 2343 97 2377 um
107 2316 246 2404 legionum
257 2326 355 2394 Legati
362 2362 373 2391 ,Α
390 2341 471 2392 pares
482 2331 541 2380 iure
553 2334 589 2391 et,
600 2331 739 2395 prosperis
748 2327 854 2382 Vitellii

50 2398 150 2459 rebus,
160 2397 294 2446 certaturi
305 2395 340 2446 ad
352 2396 523 2464 obsequium,
542 2398 684 2449 adversam
696 2398 754 2454 eius
765 2395 852 2450 sortu-

51 2480 113 2518 nam
128 2479 264 2531 exaequo
279 2464 481 2526 detrectabant.
517 2467 547 2518 ln
559 2465 652 2528 Africa
667 2468 741 2535 legio
756 2465 853 2518 cohor·

48 2544 154 2605 tesque,
165 2533 288 2586 delectae
299 2549 315 2584 a
327 2535 424 2585 Clodio
439 2535 544 2599 Macro,
559 2551 623 2587 mox
634 2552 651 2587 a
662 2537 750 2589 Galba
761 2536 853 2587 dimis·
917 2537 918 2541 ’
978 2522 983 2526 ’

47 2620 105 2667 sae,
115 2619 211 2654 rursus
224 2605 300 2653 iussu
310 2604 418 2656 Vitellii
432 2605 560 2655 militiam
572 2620 679 2672 cepere.
715 2603 797 2656 simul
808 2619 850 2657 ce·

46 2671 109 2726 tera
128 2674 255 2726 iuventus
274 2673 359 2725 dabat
374 2677 490 2742 impigre
509 2676 629 2735 nomina.
667 2677 766 2742 quippe
781 2673 850 2726 inte·
