2034 3025
170 161 226 218 aaa
402 161 460 214 ua
481 126 755 216 onnrouruvs

172 275 203 322 et
217 267 391 337 frequentem
406 266 520 328 domum
536 281 674 319 concursu
691 267 981 332 splendidissimorum
1004 275 1005 314 ς

172 335 335 392 hominumi
364 337 448 404 idque
458 338 531 388 sciro
541 351 597 387 non
609 339 759 403 pecuniae,
791 351 850 387 non
863 337 981 400 orbitati,

172 422 267 476 neque
282 406 364 458 officii
379 406 496 457 alicuius
512 406 762 468 administrationi,
791 406 843 457 sed
861 407 982 474 sibiipsi,

173 475 253 529 darii
263 477 327 528 illos
336 477 459 544 quinimo
469 477 552 528 orbos
563 481 592 528 et
602 474 757 542 locupletes
768 480 801 526 et
809 481 981 542 potestesse·

172 547 236 600 nire
244 547 407 614 plerumque
417 545 454 599 ad
463 547 592 597 iuvenem
603 551 632 596 et
642 558 805 612 pauperem,
825 550 981 607 utautsua,
1004 535 1005 616 }

173 622 224 668 aut
233 619 386 671 anticorum
397 616 559 667 discrimina
568 614 772 667 commendent.
798 612 982 668 Vllanetanta
1004 617 1005 634 ¹

172 686 328 754 ingentium
341 701 424 754 opum
433 700 467 737 ac
476 684 744 753 magnaepotentiae
750 683 898 750 voluptas,
911 702 986 756 quan·
1004 699 1005 702 ’

168 753 303 825 'spectare
313 753 439 807 homines
449 759 559 807 veteres
571 760 599 806 et
608 768 691 806 senes
701 759 728 804 et
738 755 829 804 totius
842 756 922 810 urbis
931 771 980 824 gra·
1004 751 1005 754 ’

173 825 372 884 ιίαειώηίιοε,
398 826 426 875 iu
441 839 551 879 summa
567 825 690 875 omnium
703 837 797 874 rerum
809 824 978 884 abundantia,

174 897 354 955 coufitentes,
382 893 411 944 id
427 893 503 961 quod
519 896 655 960 optimum
670 895 723 954 sit,
750 907 781 944 se
797 909 859 944 nen
871 892 978 948 haberet

173 964 234 1017 lam
244 977 321 1025 veru,
330 964 376 1030 qui
387 969 551 1031 togatorum
563 963 712 1015 comitatus
723 967 753 1014 et
760 965 911 1030 egressus!
921 979 979 1036 quae

173 1031 456 1101 inpublicospecies!
485 1048 558 1102 quae
568 1035 597 1084 in
608 1033 716 1084 iudiciis
726 1033 895 1086 veneratio!
919 1033 981 1104 quod

168 1103 309 1175 gaudium
329 1103 515 1172 consurgendi
534 1103 744 1171 adsistendique
759 1103 836 1154 inter
856 1110 982 1164 tacentes,
1004 1107 1005 1166 s

174 1177 205 1230 lu
216 1190 300 1225 unum
311 1187 472 1226 conversos:
484 1173 562 1225 coire
573 1172 706 1240 populum
716 1173 982 1226 etcircumfundico

174 1257 275 1298 ronam
286 1247 315 1294 et
325 1244 451 1309 accipere
461 1236 614 1308 adiectum,
634 1257 829 1310 quemcunque
846 1246 984 1297 oratoriu-

174 1313 280 1366 duerit!
309 1310 432 1381 Vulgata
445 1312 599 1365 dicentium
613 1311 728 1380 gaudia,
756 1318 786 1364 et
801 1313 1005 1379 inperitorum,

175 1396 288 1454 quoque
297 1382 387 1436 oculis
397 1383 540 1450 exposita,
565 1396 726 1449 percenseo.
761 1381 1005 1444 lllasecratinnql

175 1460 206 1508 et
216 1458 325 1505 tantum
340 1454 408 1521 ipsis
418 1452 563 1506 orantibus
578 1458 660 1517 nota,
687 1453 797 1504 maiora
812 1462 894 1504 sunt
933 1454 989 1506 Sine
1004 1455 1005 1486 ἒ

175 1526 341 1577 adcuratam
347 1522 845 1593 meditatamqueadfertorationem3
858 1525 991 1594 estquod·

177 1595 242 1647 dam
253 1596 326 1646 sicut
336 1594 423 1660 ipsius
433 1590 573 1656 dictionis,
590 1594 631 1643 ita
641 1594 746 1659 gaudii,
764 1592 880 1659 pondus
891 1602 924 1647 et
935 1610 994 1647 con·

177 1666 296 1717 stantia:
323 1665 381 1716 sive
391 1679 491 1717 novam
501 1666 531 1716 et
539 1666 679 1715 recentem
691 1677 785 1713 curam
801 1678 861 1714 non
873 1664 940 1717 sine
951 1665 1005 1717 alia

178 1750 235 1804 qua
254 1734 442 1801 trepidatione
460 1733 547 1787 animi
566 1731 714 1795 adtulerit3
742 1734 805 1799 ipsa
825 1730 1005 1788 sollicitudo*

179 1804 357 1858 commendat
369 1810 498 1857 eventum
514 1809 544 1857 et
556 1801 735 1866 lenocinatur
749 1802 905 1868 voluptati.
946 1803 1005 1873 Sed

108 1911 110 1919 ,
179 1874 380 1947 attemperalis
400 1876 534 1929 audaciae
555 1878 638 1941 atque
654 1872 742 1938 ipsius
756 1874 941 1926 temeritatis
956 1873 1005 1925 nell

177 1948 328 2012 praecipua
336 1946 494 1998 incunditas
505 1947 557 1997 est.
567 1942 637 1995 Nam
648 1943 676 1993 in
688 1942 801 2009 ingenio
811 1948 996 2011 quoquc,sic·

178 2017 249 2065 utin
260 2030 345 2081 agro,
371 2030 538 2083 quamquam
552 2012 609 2064 alia
624 2010 672 2063 diu
685 2016 816 2063 serantur
832 2018 930 2080 atque
949 2014 1005 2085 ein¹

178 2082 321 2144 durentur,
334 2087 461 2153 gratiora
471 2091 573 2147 tamen,
584 2096 654 2149 quae
664 2085 819 2151 suaspoute
827 2091 994 2135 nascuntur.

210 2151 213 2156 “
233 2151 290 2205 Vll.
309 2152 454 2219 Equidem,
466 2161 498 2205 ut
507 2153 542 2205 de
553 2168 597 2204 me
607 2150 769 2218 ipsefatear,
780 2166 839 2201 non
848 2157 920 2206 eum
929 2156 993 2206 dien

179 2223 327 2276 laetiorem
338 2222 399 2287 egi,
417 2237 472 2293 quo
482 2220 551 2274 mihi
562 2223 636 2274 latus
647 2220 740 2273 clavus
752 2220 868 2283 oblatus
880 2230 942 2287 est,
959 2220 992 2275 rel
1004 2232 1005 2239 ³

179 2309 237 2361 quo
249 2291 333 2343 homo
344 2304 442 2354 novus,
460 2295 528 2344 etin
539 2294 648 2343 civitate
660 2293 771 2343 minime
783 2290 949 2347 favorabili
958 2290 1005 2344 nel

178 2367 242 2421 tus,
258 2362 460 2423 Quaesturam,
483 2368 535 2413 aut
544 2363 742 2424 Tribunatum,
763 2365 813 2413 aut
823 2358 1005 2415 Praeturam

178 2428 286 2490 accepi:
306 2431 567 2495 qnam'eos,quibus
579 2429 656 2491 mihi,
675 2446 726 2499 pro
735 2429 946 2486 mediocritate
957 2432 996 2483 hu·

106 2547 108 2550 v
119 2554 124 2561 N
176 2494 222 2542 ius
233 2494 505 2562 quantulaecumque
516 2500 545 2549 in
557 2498 673 2551 dicendo
684 2499 838 2563 facultatis,
849 2509 909 2554 aut
921 2498 1005 2556 reum}

173 2570 311 2635 prospere
322 2560 486 2625 defendere,
510 2572 561 2617 aut
570 2568 644 2633 apud
656 2571 853 2621 centumuiros
865 2586 1005 2625 caussam

177 2624 301 2691 aliquam
312 2628 435 2681 felici-ter
445 2646 539 2693 orare,
555 2642 607 2685 aut
616 2638 689 2701 apud
700 2637 865 2706 Principem
875 2644 965 2711 ipsos
975 2645 1005 2699 il,

177 2689 222 2742 loa
231 2694 348 2749 libertos
359 2702 389 2750 et
395 2698 600 2755 Procuratores
606 2704 763 2775 Principum
773 2711 852 2787 tueri
865 2715 1005 2769 etdefenl
