2034 3025
120 136 256 209 marr.
276 134 799 209 clr.al.aa[l.r⁷.7o9.l.c.1s.]
833 142 870 195 oo
916 168 921 178 -

59 252 182 303 tantiam
192 253 352 318 increpans,
371 252 448 304 obire
457 268 485 304 ae
495 260 525 304 et
534 253 625 304 cedere
635 251 713 314 urbe,
731 250 867 303 obtusum

57 317 88 370 a'n
97 319 581 392 aliquoobdt'toetlangt'nqnornre,
600 321 768 372 testabatur:
787 321 868 373 simul

59 390 169 439 mnam
189 390 373 455 relinquebat.
419 391 579 442 Commotus
605 396 649 441 est
668 389 810 451 'liberium
830 396 868 454 et,

59 453 867 525 quamquammitibusvcrbisl’isonempermulsissetpro·
957 518 959 523 ,

58 530 179 593 pinquos
190 541 300 593 quoque
311 530 371 579 eius
380 528 487 594 inpulit,
497 534 529 579 ut
539 529 688 580 abeuntem
699 530 867 579 auctoritate
945 558 951 565 =

59 596 105 647 rel
123 597 254 663 precibus
273 602 411 647 tenerent.
446 598 531 648 Haud
550 600 641 649 minua
659 597 741 648 liberi
763 595 868 647 doloris

58 664 258 716 documentum
269 663 344 716 idem
354 665 418 717 Piso
428 680 494 717 mox
504 666 594 730 dedit,
614 670 714 719 vocata
723 668 752 717 in
762 667 806 716 ius
817 666 868 717 Vr·

57 734 184 801 gulauia,
205 749 287 801 quam
298 747 382 800 supra
390 734 467 802 leges
478 736 600 797 amicitia
608 737 750 803 Augustae
763 732 868 786 extule-

56 809 111 853 rat.
130 818 185 854 nec
195 809 245 853 aut
252 803 405 870 Vrgulania
415 805 626 871 obtemperarit,
636 807 664 855 in
676 804 788 856 domu'm
797 804 867 855 Gae-

57 874 145 939 sana,
165 877 265 937 spreto
275 872 384 935 Pisone,
399 880 493 936 vecta3
515 880 563 925 aut
578 873 627 926 ille
638 874 754 936 abstitit,
772 884 867 941 quam-

57 955 143 1006 quam
154 942 282 1007 Augusta
291 956 317 994 ee
327 940 427 992 oiolom‘
437 950 464 993 et
473 940 597 996 imminui
611 948 784 1010 quereretur.
820 944 868 995 Ti-

55 1010 156 1061 berius
166 1008 301 1061 hactenus
315 1010 459 1078 indulgere
469 1015 554 1063 matri
570 1014 649 1063 civile
664 1018 757 1075 ratus,
776 1017 821 1074 ut,
841 1027 868 1064 aa

55 1077 165 1131 trorum
174 1078 213 1129 od
222 1078 366 1131 Praetoris
376 1079 507 1145 tribunal,
517 1081 679 1152 odfitnrum
690 1079 868 1151 Vrgulaniae,
956 1100 963 1113 s

56 1148 180 1210 diceret,
200 1150 468 1215 processit'palatio,
487 1152 765 1219 proculsequiiussis
776 1151 869 1201 militi·

57 1217 120 1273 bus.
134 1217 327 1283 spectabatur,
334 1221 497 1271 occursante
506 1220 617 1287 populo,
628 1222 797 1287 compositus
808 1231 878 1287 ore,

58 1286 274 1337 etaermouibus
283 1288 369 1338 variis
382 1294 493 1354 tempus
508 1295 592 1357 atquc
608 1291 664 1341 iter
683 1291 800 1343 ducena:
820 1288 868 1339 do·

58 1370 121 1417 nec,
131 1356 293 1422 propinquis
302 1355 432 1409 Pisonem
442 1356 546 1410 frustra
557 1358 754 1421 adducentibus,
763 1356 868 1409 deferri

56 1426 185 1491 Augusta
196 1426 352 1491 pecuniam,
372 1442 444 1494 quae
453 1429 611 1493 petebatur,
631 1426 750 1478 iuberet
786 1427 868 1493 lsque
925 1439 929 1455 t
978 1469 981 1476 .

56 1495 123 1546 linis
133 1495 191 1550 reia
208 1508 244 1546 eu
255 1510 311 1563 qua
319 1512 411 1564 neque
421 1496 487 1548 Piso
497 1496 643 1564 inglorius,
660 1501 689 1548 et
700 1496 803 1548 Caesar
813 1509 869 1546 ma-

56 1566 119 1616 iora
134 1562 212 1614 fama
227 1563 289 1616 fuit.
325 1567 455 1618 Ceterum
466 1564 636 1632 Vrgulaniae
656 1567 783 1630 poteutio
798 1563 869 1615 adeo
897 1561 904 1572 ‘

56 1634 146 1683 nimia
157 1633 263 1684 civitati
275 1639 349 1698 erat,
368 1641 401 1685 ut
409 1636 491 1687 testis
500 1637 529 1686 in
541 1648 639 1685 caussa
649 1633 782 1700 quadam,
798 1647 870 1698 quae

58 1702 133 1768 apud
158 1701 293 1754 Senatum
322 1705 509 1768 tractabatur,
538 1705 632 1755 venire
657 1697 888 1770 dedignaretum‘
949 1702 953 1708 ’

57 1771 161 1822 missus
171 1772 352 1836 estl'raetor,
366 1775 413 1840 qui
424 1775 498 1825 domi
509 1776 709 1840 interrogaret:
729 1788 801 1835 cum,
816 1774 869 1824 rir-

58 1841 137 1906 gines
148 1839 277 1893 Vestales
288 1843 317 1892 in
328 1842 391 1893 foro
401 1849 431 1895 et
444 1843 549 1895 iudicio
565 1843 670 1907 audiri,
690 1845 819 1910 quotiens
828 1849 869 1896 te·

58 1910 221 1961 stimonium
231 1910 365 1975 dicerent,
379 1917 457 1964 vetus
467 1923 528 1964 mos
538 1911 632 1964 fuerit.

109 1978 228 2031 XXXV.
245 1981 302 2032 Res
312 1996 429 2034 eo‘anno
445 1982 571 2048 prolatas
586 1979 660 2034 houd
670 1977 820 2045 referram,
838 1984 867 2034 ni

58 2050 182 2113 metium
200 2047 285 2113 foret,
305 2050 355 2102 cu.
365 2050 474 2102 Pisonis
494 2057 525 2103 et
538 2052 625 2104 Asinii
641 2051 715 2103 Galli
735 2068 867 2119 supereo

60 2118 174 2186 negotio
194 2116 319 2171 diversas
337 2123 491 2172 sententias
508 2135 634 2172 noscere.
679 2120 757 2186 Piso,
777 2137 867 2188 quom·

59 2203 139 2254 orcam
149 2188 299 2259 ofitturum
308 2203 335 2241 aa
345 2188 454 2242 dinoot
466 2187 581 2254 Caesar,
601 2188 632 2242 ob
647 2188 677 2242 id
689 2191 777 2261 magia
825 2209 869 2245 en·

58 2255 130 2320 dam,
142 2257 285 2319 censebat,
294 2265 331 2320 et,
337 2257 451 2314 adtente
456 2258 597 2328 Principe,
608 2258 738 2312 Senatum
749 2208 867 2326 otgati-

58 2332 243 2392 teepoueeua
252 2326 345 2379 manta
354 2328 502 2392 sustinere,
523 2329 646 2382 decorum
657 2328 698 2380 rei
708 2330 783 2396 publ.
789 2329 867 2401 fore.

58 2394 168 2457 Gallus,
187 2397 254 2462 quia
263 2397 384 2461 speciem
392 2397 531 2449 libertatis
542 2397 606 2450 Piso
617 2406 806 2466 praeceperat,
825 2399 867 2451 nt·
922 2388 935 2415 ‘¹
969 2457 972 2466 Δ

57 2461 96 2515 til
113 2463 185 2515 rotie
202 2464 333 2529 inlustre,
352 2475 403 2518 out
421 2483 456 2519 en
475 2465 613 2536 dignitate
627 2467 730 2534 Populi
738 2467 866 2528 Romani,
924 2516 928 2520 .

56 2532 111 2585 uini
128 2549 223 2584 eoram
237 2542 266 2585 et
278 2533 326 2586 aab
347 2535 431 2588 oculis
447 2533 588 2588 Caesarie:
606 2552 688 2602 eoque
707 2541 866 2588 conventum
961 2562 965 2568 ,

56 2599 158 2653 ltaliae
173 2609 201 2652 et
216 2600 367 2669 affluentia.
377 2603 534 2671 provinciae
548 2603 723 2672 praesentiae
739 2601 867 2651 etosser·

57 2670 157 2737 mdo,
175 2670 296 2726 dicebat.
331 2672 469 2729 audiente
484 2664 554 2726 baec
568 2673 685 2758 Tiberio
705 2682 739 2722 ac
758 2664 868 2716 silente
