2034 3025
150 139 190 201 Jd
281 136 509 191 ANNALIVM·
526 136 680 204 [A.V.77o.
699 136 771 189 A.C.
784 136 835 207 17.]

153 237 211 299 bat,
224 237 253 287 ni
264 236 455 301 Inguiomerus
465 249 527 284 cum
538 248 621 283 manu
632 232 772 285 clientium
783 235 818 285 ad
829 236 961 287 Marobo-

155 305 241 357 duum
251 303 431 371 perfugisset3
447 316 502 353 non
514 302 598 353 aliam
609 302 644 353 ob
656 317 789 365 caussam,
797 318 879 369 quam
892 306 961 371 quia

154 374 251 427 fratris
261 374 420 425 tilioiuveni
438 377 554 439 patruus
569 386 655 422 senex
674 385 771 437 parere
792 372 961 439 dedignaba-

153 449 210 495 tur.
245 444 411 509 Diriguntur
428 442 516 508 acies,
535 441 595 507 pari
611 443 750 514 utrimque
769 456 827 507 spe,
847 456 907 504 nee,
927 448 961 493 ut

152 513 218 565 olim
229 512 302 578 apud
313 512 477 572 Germanos,
496 511 574 576 vagis
588 510 754 573 incursibus,
770 516 819 562 aut
829 510 961 563 disiectas

151 581 202 651 der
221 588 359 634 catervas:
377 583 490 648 quippe,
508 579 594 645 longa
614 579 830 630 adversum-nos
851 580 962 643 militia,

151 652 329 703 insueverant
343 666 374 702 se
395 651 422 700 ui
437 650 529 717 signa,
550 648 680 699 subsidiis
689 648 803 711 firmari,
823 648 962 700 diotalm-

151 726 312 789 paratorum
323 734 356 771 ae
384 734 458 785 pere.
492 719 529 769 Ar
539 718 763 780 tuneArminius,
783 733 853 784 equo
865 716 961 769 conlu-

151 795 245 840 strans
255 795 363 851 cuneta,
374 795 405 838 ut
427 802 533 853 uosque
544 784 674 839 advectus
685 791 756 847 erat,
766 784 962 853 Reciperutam

114 920 117 924 ¹
153 857 316 920 libertatem,
335 804 489 909 rodiano·
509 854 640 923 legiones,
659 854 743 921 spolia
758 854 888 929 adducet
904 857 963 909 telo

153 924 285 978 Romanis
298 926 409 993 derepto
423 927 453 978 in
467 924 591 977 munibus
605 926 764 986 stultorum,
785 925 963 977 ostentabat:

153 1004 249 1048 eontra
263 994 396 1066 fugacem
411 993 607 1047 Maroboduum
622 993 776 1060 adpensus,
791 994 962 1061 proeliorum

93 1063 99 1069 ’
154 1073 301 1131 expertem,
321 1062 476 1134 Hercyniae
490 1063 604 1115 latebris
619 1064 768 1135 defensum,
787 1081 820 1116 oo
835 1081 898 1117 mox
912 1082 966 1134 per

154 1134 225 1185 dona
240 1140 268 1184 et
286 1133 435 1201 legationes
449 1132 580 1201 petivisse
594 1133 713 1204 foedus,·
726 1133 894 1201 proditorem
911 1150 964 1201 po·

154 1202 236 1265 triae,
249 1201 394 1254 satellitem
407 1200 543 1265 caesuris,
557 1200 730 1255 baudoueus
739 1203 853 1273 infensis
862 1203 964 1256 anirnit

155 1269 364 1334 exturbandum,
388 1286 469 1338 quom
494 1270 597 1323 Varum
619 1270 798 1335 Quinctilium
816 1271 963 1344 interfece-

154 1339 220 1392 rrbt.
239 1339 421 1393 meminissent
430 1342 506 1393 modo
517 1349 559 1392 tot
565 1342 731 1407 proeliorum
736 1357 748 1401 ;
763 1356 875 1406 quorum
885 1358 963 1395 eoen-

117 1452 121 1459 ,
155 1418 200 1474 tu,
215 1417 243 1461 et
252 1409 290 1459 od
298 1418 463 1476 postremum
473 1410 567 1463 eiectis
576 1408 716 1474 Romanis,
725 1410 793 1461 satis
803 1410 963 1478 probatum,

150 1478 614 1552 penesutrossummodeilifuerit.
799 1487 801 1503 '

208 1548 305 1602 XLVI.
333 1551 430 1617 Neque
453 1551 644 1603 Maroboduus
667 1551 804 1610 iactantia
823 1550 882 1611 sui,
911 1556 964 1602 aut

155 1620 265 1688 probris
279 1622 308 1670 in
329 1616 436 1674 bostem
457 1621 626 1673 abstinebat:
644 1619 692 1672 sed
704 1621 910 1688 Inguiomerum
921 1628 965 1672 te·

155 1704 238 1752 nens,
256 1687 308 1739 [iio
321 1687 352 1740 in
368 1705 479 1755 corpore
489 1690 567 1741 deeras
578 1705 653 1742 omne
663 1687 866 1753 Cheruscorum,
885 1689 965 1742 illius

155 1757 276 1810 consiliis
282 1765 374 1826 gesto,
394 1771 463 1821 qnae
473 1774 603 1826 prospere
615 1757 770 1823 ceciderint,
789 1759 963 1812 testabatur:

154 1826 292 1878 vecordem
301 1824 462 1892 Arminium,
483 1835 510 1879 et
525 1843 615 1884 rerum
631 1827 757 1892 nescium,
777 1827 964 1898 alienamgio·

154 1895 226 1947 riam
240 1894 271 1948 r'n
285 1909 312 1948 se
326 1893 445 1961 trabere,
461 1897 586 1964 quonism
600 1903 655 1948 tres
667 1912 768 1950 euersos
782 1896 913 1964 legiones,
932 1905 965 1950 et

154 1964 247 2016 ducem
261 1964 375 2036 fraudis
394 1963 537 2036 ignorum,
554 1965 673 2036 perfidia
693 1966 840 2034 deceperit,
859 1981 967 2037 magna

154 2048 214 2085 euru
224 2033 299 2085 elude
309 2035 471 2088 donnoniae
481 2044 508 2088 et
518 2033 667 2104 ignominia
678 2050 727 2088 sua
735 2052 747 2097 ‚·
764 2051 823 2088 curn
833 2034 967 2099 coniunx,

153 2117 215 2154 crem
222 2101 303 2170 filisu
314 2103 370 2154 eius
381 2104 520 2156 servitium
531 2104 618 2156 addire
629 2107 752 2158 tolerent.
788 2103 828 2155 At
841 2121 876 2166 se,
897 2104 966 2155 dde-
1002 2161 1007 2170 Ι

154 2169 237 2224 decim
248 2171 396 2242 temonibus
404 2174 529 2242 petitum,
539 2173 605 2225 drus
614 2171 732 2237 Tiberio,
740 2173 882 2226 inlibatum
891 2173 967 2225 Ger-

153 2244 295 2294 manorum
309 2244 429 2310 gloriam
448 2242 603 2294 sanavisse.
621 2259 683 2296 ntox
702 2241 898 2296 conditionibus
918 2258 968 2294 oe·

153 2309 214 2377 qais
224 2310 382 2365 discessum.-
399 2327 484 2377 neque
497 2309 645 2377 poenitere,
658 2311 855 2378 quodipsorum
865 2310 895 2362 in
905 2326 967 2363 mo-

151 2378 247 2444 notit,
262 2381 399 2451 integrum
407 2382 549 2434 adeersum
558 2379 694 2432 Romanos
704 2381 808 2442 delirum,
822 2395 966 2447 anpocsrrs

79 2469 83 2472 ·
151 2447 451 2503 s’ueraentommalint.x
473 2450 528 2503 His
538 2451 651 2502 roribus
665 2451 811 2500 instinctos
820 2451 966 2502 exereitus

152 2519 282 2586 propriae
301 2533 411 2586 quoque
430 2533 545 2569 caussae
564 2518 764 2580 stimulabant3
781 2533 843 2570 eum
860 2517 966 2572 ache-

151 2589 243 2639 ruscis
253 2587 512 2655 Langobardisque,
532 2601 582 2654 pro
596 2589 712 2658 antiquo
722 2587 835 2650 decore,
854 2593 904 2639 aut
919 2603 967 2642 re-

133 2658 226 2710 =oeoti
235 2657 381 2722 libertate3
397 2661 544 2721 eteontra,
555 2656 698 2725 augendae
709 2656 892 2711 damnationi
903 2672 967 2713 eer-
