2034 3025
157 101 191 156 rs
231 103 233 113 ¹
256 101 560 169 ursrommrvm
579 63 867 168 [numencwn

157 169 974 199 -ι-ι--ΣἭ

156 207 228 259 haud
245 205 359 257 dubium
376 221 494 274 magnae
508 214 539 257 et
551 205 752 272 prosporuerci
763 219 846 256 omen
857 207 975 272 accipe·
1013 210 1014 287 l

156 283 242 330 retur.
294 321 301 330 .
1013 300 1014 317 ¹

208 346 308 398 LXIII.
343 343 381 396 Et
395 345 535 394 Treveros
551 341 677 410 quidem,
698 346 731 392 ut
744 343 848 405 socios,
872 345 972 395 securi

117 473 119 480 ,
155 415 258 467 adiere.
281 415 417 466 Divoduri
427 411 713 476 (Mediomatrieorum
726 412 754 462 id
765 412 898 479 oppidum
909 418 970 476 est)
1014 426 1015 469 l

156 499 323 553 quamquem
334 483 409 533 omni
420 482 551 533 comitate
561 486 692 547 exceptos
702 483 810 532 subitus
821 497 911 548 pavor
920 498 970 534 ex·
986 541 993 549 κ

156 557 272 615 terruit,
290 555 377 620 raptis
389 557 503 618 repente
520 553 604 601 armis
615 550 651 601 ud
661 550 774 602 caedem
784 554 920 602 innoxiae
931 554 970 603 ci·

157 626 262 674 vitetis:
278 638 333 673 non
345 623 379 674 ob
390 620 523 688 praedem
538 626 588 670 aut
598 619 738 686 spoliandi
749 621 894 687 cupidine,
915 621 968 672 sed
1015 642 1016 681 ς

157 693 253 745 lurore
264 697 293 743 et
308 692 385 744 rabie
396 697 425 742 et
439 691 544 741 caussis
555 690 683 751 incertis,
702 704 790 757 eoque
802 689 969 742 difficiliori·

157 764 209 812 bus
223 761 370 824 remediis,
397 760 500 821 donec,
527 758 749 826 precibusDuois
766 760 901 826 mitigati,
929 761 968 810 ab

98 885 103 894 ‚
141 830 264 908 ,excidio
275 829 395 880 civitatis
410 834 610 895 temperavere.
646 843 729 880 caesa
745 833 839 880 tomen
850 828 886 879 ad
897 844 966 897 que·

157 908 222 949 tuor
237 898 325 949 millia
341 897 492 950 hominum.
529 900 610 965 isque
625 902 718 950 terrm·
728 897 835 949 Gallias
851 899 966 959 invasit,

158 969 320 1020 utrenienti
336 982 401 1020 mox
415 968 518 1035 agmini
533 968 679 1019 universae
689 968 814 1019 civitates
824 983 887 1018 cum
900 967 965 1019 Mu-

156 1038 318 1104 gistratibus
334 1043 363 1090 et
375 1038 504 1104 precibus
519 1042 710 1098 occurrerent,
729 1038 826 1088 stratis
840 1051 893 1104 per
903 1038 965 1087 vias

157 1109 249 1174 pueris
260 1106 437 1174 feminisque3
457 1121 583 1174 quaeque
598 1107 656 1157 alia
665 1106 841 1173 placamenta
852 1107 963 1156 hostilis

155 1179 222 1238 irae,
233 1190 289 1226 non
299 1175 409 1244 quidem
419 1178 449 1226 in
458 1176 543 1237 bello,
558 1175 607 1227 sed
618 1191 668 1242 pro
678 1190 755 1242 pace,
765 1176 964 1228 tendebantur.

194 1244 306 1298 mxlv.
342 1243 476 1296 Nuntium
501 1245 536 1295 (le
559 1244 645 1296 caede
666 1245 772 1296 Galbae
792 1250 821 1296 et
840 1243 963 1310 imperio

156 1311 282 1376 Othonis,
292 1313 394 1366 Fabius
401 1313 506 1367 Valens
516 1317 544 1364 in
555 1314 666 1366 civitate
676 1315 837 1366 Leucorum
846 1315 965 1380 accepit.

89 1419 91 1428 .
160 1377 219 1435 Nee
230 1385 350 1434 militum
361 1384 468 1436 animus
479 1385 507 1434 in
518 1383 650 1452 gaudium
661 1392 711 1434 aut
721 1383 896 1435 formidinem
904 1398 964 1450 per·

161 1459 266 1506 motos:
288 1453 393 1506 bellum
404 1452 541 1505 volvebat.
578 1453 667 1504 Gallis
678 1454 818 1505 cunetatio
829 1458 964 1521 exemplu,

161 1532 190 1576 et
200 1526 228 1575 in
240 1522 377 1576 Othonem
388 1540 420 1575 uc
431 1524 576 1577 Vitellium
587 1524 679 1574 odium
689 1539 748 1590 par,
764 1538 798 1575 cx
807 1524 925 1577 Vitellio
935 1528 965 1573 et

162 1599 261 1645 metus.
297 1593 428 1645 Proxima
438 1592 596 1662 Lingonum
610 1595 706 1644 civitas
722 1599 797 1655 erat,
814 1593 966 1659 ildeperti·

162 1664 222 1713 bus.
258 1662 376 1731 benigne
388 1665 504 1730 excepti,
523 1663 660 1714 modestia
669 1667 826 1722 certavere:
845 1662 894 1714 sed
905 1664 982 1715 bro.

162 1731 406 1795 renuntiatum,
425 1730 581 1783 cohortium
597 1734 773 1797 intemperie,
793 1746 878 1799 quas,
896 1748 914 1783 a
928 1731 967 1781 le·

161 1802 244 1867 gione
254 1800 471 1867 quartadecima,
487 1806 520 1850 ut
528 1815 613 1867 supra
622 1802 845 1863 memoravimus,
864 1801 966 1869 dignes·

161 1884 217 1931 sus,
235 1869 369 1920 exercitui
379 1884 430 1919 suo
440 1868 651 1921 FabiusValens
663 1870 837 1922 adiunxerat.
873 1870 968 1937 lurgis

158 1938 291 2056 primum,
306 1951 371 1989 mox
381 1940 443 1989 rixa
452 1940 527 1990 inter
536 1939 659 1990 Batavos
669 1945 699 1991 et
709 1941 889 2007 legionarios,
901 1939 967 1990 (lum

181 2008 204 2055 is
218 2011 270 2056 out
282 2006 338 2057 illis
353 2007 447 2059 studia
461 2008 579 2059 militum
600 2008 803 2077 adgregantur,
832 2023 919 2076 prope
938 2010 967 2058 in

162 2074 300 2141 proelium
310 2088 455 2140 exarsere3
466 2078 495 2127 ni
506 2076 607 2129 Valens
618 2079 856 2131 animadversione
867 2091 967 2145 pauco-

75 2190 81 2206 ,
161 2158 222 2196 rum
233 2142 337 2195 oblitos
346 2144 402 2196 iam
413 2145 534 2197 Batavos
544 2148 653 2213 imperii
664 2149 861 2200 admonuisset.
896 2146 966 2197 Fru-

161 2219 222 2264 stra
241 2213 375 2265 adversus
394 2214 504 2267 Aeduos
524 2217 650 2283 quaesita
669 2217 736 2269 belli
756 2230 861 2268 cauma„
897 2216 966 2266 iussi

159 2282 303 2351 pecuniam
313 2290 393 2352 atque
403 2300 481 2337 armo
491 2284 607 2358 deferre,
617 2290 756 2353 gratuitos
767 2287 881 2353 insuper
892 2298 965 2335 com-

163 2357 270 2405 meatus
286 2354 451 2419 praebuerer
475 2356 549 2423 quod
564 2356 652 2407 Aedui
668 2354 830 2419 formidine,
853 2353 966 2421 Lugdu·

162 2436 263 2473 nenses
278 2422 381 2489 gaudio
391 2422 491 2475 secere.
528 2424 583 2476 Sed
600 2424 674 2492 legio
689 2425 788 2476 Italica
798 2430 828 2476 et
837 2423 883 2475 ala
893 2424 966 2475 Tau·

162 2493 225 2543 rino
233 2491 379 2544 obductae.
403 2487 552 2544 Cohortem
564 2492 815 2545 duodevicesimam
826 2491 967 2558 Lugduni,

162 2561 252 2612 solitis
267 2561 318 2612 sibi
333 2559 468 2623 hibernis,
487 2561 608 2627 relinqui
618 2563 739 2628 placuit.
776 2560 899 2612 Manlius
914 2559 967 2611 Vu-

161 2630 236 2694 lens,
253 2628 376 2699 Legatus
392 2628 507 2683 Italicae
523 2628 655 2697 legionis,
673 2644 840 2701 quamquam
851 2628 967 2683 benene
