2034 3025
149 85 185 134 oo
244 79 545 134 lllS‘TOlllARVlll
579 78 874 148 [A.V.823.A.C.7o.1

149 187 259 251 ignaria
278 188 432 234 excusatus.
468 183 560 232 Mario
578 183 660 232 Celso
680 182 848 232 Consulatus
870 197 985 232 serra-

61 291 64 295 .
150 261 205 304 tur.
242 249 534 314 montemontano,
552 251 745 317 obiectumque
759 265 825 300 mox
834 249 984 302 io-Scna·

150 328 183 371 tu
192 321 312 374 Caecilio
324 315 456 385 Simplici,
474 320 546 384 qaod
558 335 618 370 eum
631 318 757 370 bonoim
762 318 890 384 pecunia
901 335 985 369 mer·

152 389 220 453 cari,
238 403 287 443 nec
305 387 363 440 elne
381 386 477 440 exitio-
488 385 567 450 Celsi,
583 388 718 439 eolukret.
754 389 863 450 rostitit
880 387 985 438 Vitel-

152 459 220 522 lius3
240 456 370 523 deditque
380 463 477 522 postea
487 457 666 508 Consulatum
678 456 803 522 Simplici
813 460 980 508 innoxium

153 533 183 578 ct
192 528 354 592 inemptum.
389 524 558 577 'rraohalunr
573 527 707 578 adversus
715 527 909 577 criminantes
920 525 981 576 Ga·

157 595 237 662 leria,
254 609 325 646 uxor
335 593 451 654 Vitellii,
469 597 601 658 protexit.

206 697 279 750 LXl.
315 697 391 746 luter
406 709 567 760 magnorum
587 698 710 748 virorum
725 696 894 760 discrimina
913 699 978 762 (pu-

154 766 274 816 dendum
290 763 376 822 dictu)
389 765 528 813 Mariccus
542 764 669 830 quidam,
695 765 807 828 eplebe
817 764 976 826 Boiorum,

145 837 277 883 inserere
287 847 348 883 sese
364 827 506 882 Fortunae
522 836 550 881 et
565 845 718 896 provocare
733 845 811 897 arma
825 832 975 894 Romana,

154 901 332 952 simulatione
345 899 496 951 Numinum
513 915 596 950 ausus
615 907 665 951 est.
702 901 815 966 lamque
835 900 975 952 adsertor

157 970 311 1023 Galliarum
322 976 349 1021 et
358 965 433 1020 Deus
448 972 559 1030 (nornen
571 969 599 1019 id
610 970 662 1019 sibi
673 969 824 1030 indiderat)
847 972 973 1020 concitis

156 1043 220 1090 octo
236 1037 358 1090 millibus
374 1036 531 1100 hominum,
548 1040 690 1103 proximos
703 1038 863 1088 Aeduorum
877 1052 971 1104 pagos

156 1106 296 1169 trahebat3
315 1103 561 1174 cnm'gravissima
575 1109 680 1168 civitas,
694 1106 789 1158 'electa
807 1107 969 1168 iuventute,

156 1177 272 1228 adiectis
287 1175 426 1228 aVitellio
448 1174 620 1237 cohortibus,
638 1173 787 1225 lunaticam
807 1173 968 1224 multitudi-

155 1261 217 1296 nem
230 1245 346 1295 disiecit.
383 1246 485 1311 Captus
495 1245 524 1294 in
535 1259 569 1295 eo
583 1245 691 1310 proelio
704 1245 842 1294 Mariccus
854 1258 888 1293 ac
898 1258 965 1293 mox

156 1313 223 1365 feris
235 1315 368 1375 obiectus,
385 1315 450 1380 quia
464 1328 519 1363 non
536 1312 702 1375 laniabatur,
720 1313 852 1364 stolidum
863 1313 965 1379 vulgus

154 1383 342 1435 inviolabilem
353 1383 492 1445 credebat,
510 1382 607 1444 donec,
624 1387 769 1448 spectante
779 1380 908 1444 Vitellio,
923 1384 963 1431 in-

154 1452 288 1504 terfectus
299 1457 351 1504 est.
520 1448 524 1454 ’

206 1555 293 1608 an.
329 1554 390 1607 Nee
402 1552 478 1605 ultra
491 1554 519 1603 iu
534 1553 704 1617 defectores,
723 1559 774 1606 aut
788 1555 863 1607 bona
871 1555 962 1605 ouius-

155 1638 248 1691 quam,
267 1624 415 1675 saevitum:
436 1629 502 1690 ‘rata
516 1622 596 1674 luere
611 1638 721 1683 eorum,
738 1626 787 1692 qui
802 1625 861 1675 acie
874 1622 962 1675 Otho·
1010 1621 1011 1624 ’

154 1696 238 1742 niune
265 1692 430 1753 ceciderant,
458 1698 636 1753 testamenta,
658 1699 712 1744 aut
738 1693 786 1744 lex
811 1693 952 1747 intestatis

123 1798 127 1813 l
154 1774 276 1825 prorsus,
294 1760 318 1809 si
327 1760 455 1812 luxuriae
465 1766 642 1827 temperaret,
660 1764 806 1813 avaritiam
815 1776 872 1813 non
880 1762 948 1813 time
1010 1811 1011 1828 2

154 1844 208 1881 res.
244 1829 396 1895 Epularum
409 1828 492 1881 foeda
507 1837 537 1881 et
545 1830 720 1896 inexplebilis
729 1827 828 1883 libido:
847 1846 880 1883 er
889 1833 960 1883 urbe

154 1898 330 1964 atqueltnlia
340 1900 519 1950 inritamenta
533 1899 616 1965 gulae
625 1900 818 1965 gestabantur,
834 1907 958 1965 stromen-

151 1968 229 2018 tibus
240 1968 274 2018 ab
285 1974 403 2033 utroque
417 1970 488 2018 mari
502 1968 661 2019 itineribus:
680 1968 808 2019 exhausti
824 1970 959 2021 concivio·

154 2050 217 2087 rum
237 2037 415 2101 adparatibus
433 2037 572 2101 principes
599 2037 753 2089 civitatum:
780 2038 960 2088 vastabantur

154 2106 231 2171 ipsae
245 2107 384 2155 civitates:
403 2104 591 2169 degenerabat
605 2121 622 2155 a
631 2105 734 2158 labore
747 2121 781 2157 ae
793 2109 895 2159 virtute
909 2108 958 2158 nri-

155 2173 209 2236 les‚
239 2172 423 2225 adsuetudine
442 2172 616 2239 voluptatum
636 2181 666 2227 et
684 2181 845 2242 contemptu
861 2176 955 2227 Ducis.

154 2242 302 2295 Praemisit
311 2245 339 2294 in
348 2242 446 2291 urbem
457 2242 588 2305 edictum,
605 2260 660 2310 quo
669 2246 833 2309 vocabulum
838 2242 958 2313 Auguste

155 2310 289 2371 differret,
311 2308 437 2362 Caesaris
452 2325 507 2361 non
525 2314 675 2378 reciperet,
693 2330 754 2363 curn
771 2315 806 2365 de
821 2317 955 2381 potestate

155 2378 224 2428 nihil
234 2376 402 2428 detraheret.
438 2378 515 2429 Pulsi
524 2380 608 2431 ltalia
617 2380 813 2434 mathematici.
842 2383 953 2437 Cautum

155 2460 260 2506 severe,
277 2462 310 2501 ne
323 2444 438 2511 Equites
448 2446 531 2499 Rom.
546 2450 609 2499 ludo
623 2458 651 2499 ot
665 2466 750 2501 arena
762 2453 952 2517 polluerentur.

155 2516 263 2577 priores
277 2513 307 2563 id
322 2513 460 2580 Principes
480 2520 599 2581 pecunia
618 2524 647 2568 et
661 2521 772 2582 saepius
790 2521 819 2569 ri
833 2523 942 2585 perpule

156 2589 231 2637 rante
249 2597 282 2633 ne
292 2580 423 2649 pleraque
437 2586 587 2650 municipia
601 2592 631 2637 et
643 2586 770 2638 coloniae
783 2588 941 2642 aemulaban
