2034 3025
1 175 5 182 ,
98 114 264 172 ninxrv.
283 110 652 184 onr.ro.11.[n.v.eu.
670 85 881 190 acuatur
957 108 960 114 ’

82 195 881 218 -.μὴ-ᾕ-

131 223 166 274 X.
186 217 241 272 Sed
252 233 269 270 a
280 219 410 280 Caesare,
430 217 555 284 perlecto
566 218 677 270 demum
688 222 808 286 scelere,
827 241 886 275 nra-

79 289 196 360 gnitudo
207 289 267 340 eins
277 286 421 340 intellecta
430 291 480 338 est.
499 286 609 354 reliquo
619 284 718 351 noctis,
740 292 822 342 modo
832 307 883 358 per

24 397 27 403 .
79 360 221 412 silentium
233 357 338 407 defixus
344 391 352 417 ‚
372 356 480 420 saepius
490 370 593 422 pavore
604 371 756 423 exsurgens
767 366 796 410 et
806 375 883 410 men-

78 430 115 480 tis
125 430 214 493 inops,
234 425 325 476 lucem
336 425 545 491 opperiebatur,
559 429 701 492 tamquam
712 427 826 478 exitium
836 427 883 478 ad-

78 497 209 549 laturam.
245 494 335 560 Atque
346 509 417 555 eum,
437 499 552 546 auctore
561 495 666 557 Burro,
682 497 773 560 prima
784 488 883 546 ceritu-

78 567 189 619 rionum
199 563 441 628 Tribunorumque
459 563 585 615 adulatio
605 565 641 616 ad
661 578 736 628 spem
754 565 882 625 firmavit,

78 634 268 703 prensantium
278 646 362 682 manu
371 634 606 700 gratantiumque,
616 632 687 702 quod
693 632 834 685 discrimen
842 631 884 684 in·

75 703 215 774 pruritum
234 708 262 752 el
275 700 372 752 rustris
386 700 500 774 sueinus
516 701 651 754 erasimet.
672 697 771 754 ¹Amici
783 699 882 753 debinc

79 773 158 825 adire
167 768 280 836 templa,
301 776 338 833 et,
358 776 457 838 coepto
472 771 614 838 exemplo,
634 771 882 839 proximncampa·

78 843 143 894 niae
163 838 314 905 municipia¹
327 840 444 891 victimis
459 845 488 891 et
503 841 688 907 legationibus
698 840 832 892 laetitiam
843 845 883 890 te-

78 910 163 964 stari:
182 910 249 974 ipse,
260 907 367 960 diversa
376 908 562 977 simulatione,
573 915 705 974 maestus,
715 915 744 961 et
754 909 832 977 quasi
842 909 883 956 in·
940 926 947 940 =
989 914 991 921 ·

79 978 313 1032 oolumitatisuan
331 977 464 1041 infensus,
486 994 520 1030 ae
534 981 617 1030 morti
631 979 754 1044 parentis
772 977 891 1039 inlacriq
956 1034 975 1047 ,-

78 1063 168 1100 mans.
205 1047 379 1109 Qrsiatameu
391 1051 456 1110 non,
475 1053 508 1098 ut
519 1047 662 1101 hominum
672 1047 774 1107 suitur,
791 1046 832 1095 ita
841 1044 882 1094 lo-

73 1132 176 1180 ·corum
187 1115 272 1168 facies
282 1120 437 1178 mutantur,
446 1115 700 1182 obversabaturque
710 1113 883 1180 marisillius

80 1192 109 1239 et
116 1187 235 1238 ,litorum
246 1184 338 1250 gravis
348 1184 494 1250 adspectus
508 1188 649 1246 (sterant,
668 1186 716 1250 qui
727 1183 884 1244 crederent,
929 1236 935 1247 Ι

78 1256 202 1320 sonitum
213 1252 296 1303 tubae
307 1250 427 1302 collibus
441 1253 544 1302 tirsum
555 1253 636 1304 editis
647 1253 830 1318 planctusque
840 1255 883 1300 tu·

78 1323 156 1376 mulo
167 1323 264 1374 matris
275 1319 375 1383 audiri)
386 1319 534 1386 Neapolim
544 1324 695 1383 concessit,
716 1322 883 1387 litterasque
956 1319 963 1339 ²

43 1425 46 1431 ·
80 1391 260 1445 stenatum
272 1390 352 1452 misit,
364 1403 479 1458 quarum
490 1403 599 1440 summa
609 1395 681 1441 erat:
941 1397 945 1401 ’

131 1459 180 1513 Xl.
202 1457 350 1526 Repertum
366 1473 425 1510 cum
456 1473 517 1509 erro
527 1472 711 1525 percussorem
721 1455 883 1528 Agerinum,

78 1548 114 1585 en
127 1528 230 1583 intimis
245 1527 414 1597 Agrippinae
450 1527 547 1589 lentis,
567 1536 594 1579 et
612 1526 692 1579 luisse
702 1542 761 1578 eum
768 1542 883 1595 posnam

78 1596 315 1662 candentiaque
327 1596 577 1663 usurpamus.
604 1595 884 1648 Adliciebatcriminn

78 1669 190 1737 longius
210 1668 345 1731 repetita3
364 1665 435 1733 quod
453 1663 618 1717 consortium
637 1664 758 1732 Imperii,
777 1664 883 1715 iuratu-

37 1771 44 1781 -
77 1735 217 1803 rusqueiu
226 1735 349 1805 feminae
359 1734 440 1789 uerba
450 1733 613 1787 Praetorius
622 1733 753 1797 cohortes,
763 1733 883 1797 ideusqse
957 1731 959 1735 ’

78 1804 190 1859 uncus
212 1802 328 1856 Senatus
348 1813 375 1856 et
394 1803 496 1871 Populi
516 1804 692 1870 speravisset:
719 1808 883 1870 ssu-possea·

56 1886 162 1941 ‘quum
207 1881 284 1925 ostra
295 1882 392 1939 optatu
400 1873 469 1936 sint,
488 1872 597 1945 insensu
607 1872 690 1927 militi
698 1870 882 1937 Patribusque

79 1944 161 2009 etple
183 1942 196 2005 '‚
206 1941 377 1993 dissuasisset
387 1942 542 1998 donatiuum
551 1951 579 1994 et
588 1940 767 2011 congiarium,
779 1940 885 2006 periers·

78 2014 160 2080 laque
178 2010 245 2063 uiris
263 2010 424 2063 inlustribus
441 2010 626 2066 instruxisset.
665 2009 773 2074 Quanto
786 2025 835 2061 suo
845 2010 884 2060 la·

78 2076 144 2133 l'ore
150 2086 403 2146 perpetratum,ne
413 2080 579 2148 inrumperet
588 2080 703 2143 surinus,
713 2096 747 2131 ne
753 2076 881 2147 gentibus

55 2176 58 2181 ·
78 2147 443 2215 enternis'responsuduret?
461 2146 883 2217 Temporumqubqueclaudia-

77 2232 179 2271 norum
195 2216 308 2285 obliqua
321 2218 518 2281 insectatione,
537 2224 637 2270 ennete
647 2220 707 2271 eius
717 2215 883 2268 dominatio·
916 2228 919 2232 ·

77 2290 123 2339 nis
134 2284 241 2353 flagitia
250 2288 279 2337 in
289 2294 406 2339 matrem
416 2287 571 2350 transtulit,
585 2286 696 2354 publiea
705 2286 827 2357 fortuna
837 2298 881 2334 ex·

77 2356 209 2409 stinctum
219 2354 351 2407 reserens.
382 2368 501 2422 namque
511 2361 540 2407 et
548 2355 725 2423 naufragium
737 2352 884 2418 narrabat:
936 2382 939 2393 ·

76 2424 154 2495 quod
171 2420 318 2478 fortuitum
333 2423 431 2487 luisse,
452 2426 514 2490 quis
523 2425 593 2477 adeo
608 2424 692 2476 bobes
702 2425 885 2482 inveniretur,

75 2502 112 2546 ut
125 2492 269 2547 crederetl
291 2499 377 2545 anta
397 2494 512 2545 muliere
532 2492 668 2561 naustsgs
685 2494 798 2545 missum
820 2502 883 2540 cum

75 2562 136 2619 telo
147 2578 233 2615 unum
238 2599 247 2627 ,
265 2566 312 2631 qui
323 2562 464 2625 cobortes,
484 2566 514 2613 et
524 2563 624 2615 classes
634 2559 813 2629 Imperatoris
815 2571 882 2621 per-

76 2630 231 2701 fringerett
266 2635 341 2702 Ergo
362 2646 417 2685 non
437 2633 492 2687 iam
509 2630 602 2697 Nero,
634 2631 713 2683 onius
732 2626 882 2677 inmanitas

112 2702 238 2780 Ticinus
254 2702 279 2786 ΙΙ.
650 2696 679 2753 Χ
