2034 3025
163 112 215 167 sss
249 109 553 165 mrsronmnvm
573 108 616 176 [s.
626 110 660 163 v.
670 107 731 164 823.
750 107 782 160 A.
794 106 825 160 e.
838 109 898 176 γα]

160 211 325 273 Auentinum
338 220 366 262 ct
380 210 500 263 Penates
516 210 610 263 uxorb
627 210 762 278 petisset?
789 210 837 263 lta
848 213 980 279 priuato,
1015 258 1016 269 ,

161 294 191 338 et
210 297 311 334 ornnem
329 279 506 347 Principum
525 278 638 347 speciem
657 279 773 343 citanti,
808 281 979 335 convenicae.

163 352 268 407 Contra
284 348 421 404 Vitellium
434 349 464 401 ir
474 348 629 417 palatium,
656 348 686 401 ire
700 348 788 416 ipram
797 347 921 417 imperii
936 368 980 403 ar·

161 432 394 490 cemregrenruecr
415 416 625 469 inicarmatum
634 417 888 487 agmencmireumr
907 430 979 473 stra·

161 486 978 555 taminnccentiumcaedibusceleberrimamurbitpartcmr

160 578 195 618 ne
204 558 334 628 capitolio
344 556 450 627 quidem
458 555 599 609 abstineri.
639 554 776 622 Togatam
786 573 885 623 nempe
895 574 933 619 se,
951 568 976 609 et

162 625 475 688 unumcsenatoribur,
503 624 567 679 dune
581 624 654 678 inter
669 624 869 693 Veipaeiaaum
881 643 918 679 ac
934 626 973 678 Vi
1015 670 1016 689 2

142 700 268 753 -tclliunt
274 696 387 765 proeliis
395 693 542 763 legionum,
564 690 771 761 captivitatibus
781 693 909 759 urbium,
937 697 975 747 de
1015 690 1016 721 ³

163 767 311 822 ditionibus
320 764 471 819 cohortium
480 764 634 827 iudicatur,
658 764 726 827 iam,
745 763 897 831 Hispaniis
910 766 974 819 Ger·

162 836 313 905 muniisque
326 845 354 889 et
367 833 520 887 Britannia
538 832 756 896 detrimentibue,
778 832 909 904 fratrem
929 831 973 886 Vc·

163 906 286 975 mariani
301 904 430 958 mensim
439 902 470 955 in
478 903 551 972 fide,
580 903 660 956 donec
669 904 744 954 uitro
759 903 974 957 adcenditioner

162 983 317 1029 uocaretur.
353 974 455 1026 Pacem
465 982 492 1024 et
501 972 673 1025 concordiam
682 971 761 1025 nictit
770 970 854 1023 utilia
861 988 875 1033 ,·
894 973 974 1025 ricto·

161 1045 239 1098 ribus
249 1052 357 1097 tantum
363 1040 481 1111 paleira
491 1057 556 1095 cere.
590 1041 621 1093 m·
631 1039 813 1095 conventionis
820 1042 973 1108 poeniteat,

163 1130 270 1179 nonne,
296 1110 499 1181 quemperfiiia
508 1110 658 1179 deceperit,
680 1112 761 1185 ferro
768 1118 895 1177 peteret,
922 1128 974 1164 non
1015 1150 1016 1181 3

158 1183 252 1255 filicem
267 1180 441 1249 Vespasiani,
466 1179 515 1231 nix
526 1180 663 1247 puberem.
699 1187 849 1247 quantum,
880 1180 975 1233 occisit
1015 1184 1016 1227 l

165 1248 975 1319 unoecneetunciurcne,prefici.²iretobniamlegionibur‚
1015 1230 1016 1313 i

166 1331 195 1376 et
207 1322 241 1374 te
256 1336 359 1373 summa
376 1334 469 1373 rerum
483 1316 542 1371 iilic
556 1327 691 1371 certaret.-
720 1326 811 1371 ceteru
827 1320 975 1380 secuntum
1015 1316 1016 1363 ἶ

167 1389 524 1459 erentumprocliiceeeura.
560 1388 701 1455 Trepido
711 1386 747 1439 ad
758 1385 827 1439 haec
836 1380 975 1441 Vitellius
1015 1384 1016 1437 ἶ

166 1478 257 1532 pauca
266 1459 406 1530 purgandi
417 1459 461 1509 sui
472 1471 573 1509 caussa
582 1457 746 1525 respondit,
765 1455 877 1524 culpam
887 1456 918 1509 in
929 1458 976 1509 mi·
1015 1454 1016 1460 ’

166 1533 241 1585 litem
252 1531 412 1592 conferens,
433 1527 509 1582 cuiue
520 1526 603 1579 nimio
614 1527 709 1580 ardori
718 1526 911 1594 inparcm‘errc
923 1544 977 1579 mo-

167 1601 377 1654 destiameum
412 1599 449 1650 Et
459 1599 568 1649 monuit
580 1597 755 1659 Martialem,
783 1605 816 1647 ut
828 1611 882 1662 per
891 1612 980 1650 secre-

166 1680 226 1722 tam
236 1670 342 1722 aedium
355 1676 464 1735 partem
480 1669 583 1719 occulte
593 1666 696 1730 abiret,
722 1683 755 1719 ne
765 1682 783 1717 a
792 1664 930 1718 militibus
939 1666 980 1719 in-

168 1739 324 1792 ternuntius
343 1737 447 1789 inrisae
461 1735 540 1803 pacit
558 1735 777 1806 interficeretur.-
802 1736 865 1801 ipse
885 1751 982 1803 neque

167 1808 284 1860 iubendi
294 1821 385 1873 neque
395 1806 509 1857 vetandi
526 1811 641 1870 potens,
668 1821 725 1857 noo
740 1805 983 1871 iamimperator,

112 1914 138 1932 1.
168 1875 417 1929 sedtantumbelli
428 1889 536 1936 caussa,
556 1879 626 1926 erat.

222 1945 321 1998 Lxxl.
339 1944 464 1997 Vixdum
475 1957 607 2009 regresso
618 1945 647 1992 in
659 1942 821 2010 capitolium
831 1943 984 2006 Martiale,

168 2013 269 2068 furens
283 2013 365 2064 miles
381 2013 493 2072 aderat,
521 2011 598 2062 nullo
613 2011 704 2064 Duces
732 2014 786 2066 sibi
798 2013 923 2079 quisque
936 2029 987 2064 au·

170 2088 244 2135 ‘ctorz
271 2085 327 2135 cito
338 2083 451 2149 agmine
467 2078 560 2129 iorum
571 2084 600 2131 et
611 2082 779 2134 inminentia
789 2081 852 2133 foro
870 2083 986 2148 templa

169 2152 358 2222 praetervecti
378 2151 490 2215 erigunt
514 2148 603 2199 aciem
627 2165 678 2216 per
698 2150 845 2204 adversum
866 2150 985 2212 anilem,

60 2259 64 2264 .
146 2221 424 2290 'usqueadprimas
435 2217 605 2282 capitolinae
620 2219 789 2278 areisiores.
825 2221 921 2271 Erant
933 2235 984 2270 an·

150 2345 155 2352 ,
171 2293 292 2360 tiquitus
307 2287 432 2356 porticus
443 2287 471 2336 in
488 2287 579 2340 latere
590 2289 670 2352 clivi,
701 2289 817 2340 dextrae
829 2287 983 2340 subeunti·

171 2361 237 2415 bus:
267 2361 296 2406 in
307 2369 424 2423 quarum
435 2361 541 2407 tectum
552 2359 659 2424 egressi
675 2359 750 2409 saxis
761 2357 927 2424 tegulisque
940 2357 986 2409 Vi-

145 2453 149 2458 v
172 2427 306 2477 tellianos
324 2423 489 2473 obruebant.
526 2424 623 2490 Neque
638 2426 693 2476 illis
709 2441 822 2489 manus,
851 2427 909 2478 nisi
922 2428 985 2494 gla·

174 2493 241 2553 diis,
261 2493 400 2541 armatae:
426 2496 456 2540 ct
465 2506 609 2543 arcessere
619 2500 777 2556 tormenta,
795 2499 846 2544 aut
856 2497 986 2547 missilia

172 2561 241 2622 tela,
259 2558 375 2636 longum
386 2556 542 2610 videbatur.
570 2559 646 2611 iaces
657 2564 686 2611 iu
696 2551 907 2628 prominentem
919 2581 987 2632 por·

142 2670 144 2676 .
174 2627 259 2676 ticum
269 2638 368 2676 iecere.
407 2629 436 2676 et
446 2628 637 2693 sequebantur
646 2631 755 2698 igucm3
776 2632 987 2704 ambustasque
