2034 3025
160 45 163 53 .
184 53 186 57 ,
835 15 859 58 0
879 38 882 47 ,

152 134 190 209 aa
255 100 837 203 =laurarum-[aureaaaa]
864 86 887 158 ἶ
963 180 967 186 .

152 238 209 292 tur.
227 239 328 293 etenim
343 238 497 290 attulerant
507 240 700 306 exploratores
703 240 810 309 fictam
820 259 879 295 eam
892 244 963 295 Ger·

152 307 811 378 metanoeam,aesoannrauiapameae-ram.
841 313 963 364 Caecina

96 427 102 435 .
153 393 215 438 auru
227 378 362 445 expeditis
375 375 534 430 cohortibus
544 381 669 445 praeire,
686 384 718 430 et
731 380 871 433 obstantia
879 381 964 433 silva·

154 463 215 501 rum
224 448 336 501 amoliri
343 448 472 499 iubetur:
492 447 619 515 legiones
633 448 742 499 moffico
757 450 908 502 intervallo
919 466 962 503 se-

82 508 88 527 ’”
126 576 130 583 ‚
153 524 283 584 quantur.
319 516 391 569 lavit
408 530 465 567 nox
477 518 615 569 sideribus
628 517 768 570 inlustris:
789 525 962 587 ventumque

153 586 190 639 ad
200 588 273 638 vicos
285 586 453 647 Marsorum,
469 592 497 639 et
508 587 695 642 circumdatae
705 588 849 651 stationes,
864 590 963 641 stratis

153 658 237 708 etiam
249 662 309 707 tum
319 670 369 722 per
379 655 489 720 cubilia,
502 660 673 724 propterque
683 671 800 720 mensas,
815 658 896 717 nullo
907 672 964 712 me·

152 732 199 789 tu,
213 740 269 777 non
280 726 445 792 antepositis
455 725 567 793 vigiliis.
596 725 667 778 adeo
678 732 779 779 cuncta
787 728 897 779 incuria
907 728 963 779 ‹lis-

152 796 227 858 iecta
237 800 330 846 erant:
342 808 432 863 neque
443 795 511 849 belli
521 798 616 847 timor:
628 810 661 862 ac
670 810 705 847 ne
714 810 770 862 pax
779 795 963 866 quidem,nisi

154 864 710 935 languidaetsoluta,intertemulentos.
840 918 843 921 ,
970 924 974 928 a

113 952 118 959 ¹
206 934 252 986 Ll.
272 934 374 986 Caesar
384 934 479 988 avidas
493 933 627 1003 legiones,
647 948 701 1002 quo
715 933 802 985 latior
817 935 963 1001 populatio

153 1000 238 1065 foret,
247 1007 381 1071 quattuor
390 1005 419 1054 in
430 1018 533 1056 cuneos
542 1004 682 1071 dispertit:
693 1004 895 1072 quinquaginta
904 1006 963 1057 mil·
1002 1036 1004 1065 ;

49 1082 52 1089 ’
123 1081 130 1093 “
154 1071 224 1127 lium
233 1073 354 1139 spatium
365 1071 441 1125 ferro
451 1072 624 1141 flammisque
635 1078 791 1140 pervastatz
803 1088 859 1123 non
869 1089 964 1137 sexus,
1002 1082 1004 1136 i

154 1154 210 1193 non
221 1146 299 1193 aetas
309 1141 516 1201 nriserationenr
527 1142 639 1206 attulit;
659 1140 777 1209 profana
786 1141 871 1193 simul
882 1149 912 1195 et
921 1159 964 1195 sa-
1002 1165 1004 1193 ι

59 1275 62 1281 ¹
155 1224 212 1273 cra,
231 1217 261 1262 et
276 1210 487 1263 celeberrimum
501 1212 557 1263 illis
576 1212 706 1280 gentibus
722 1211 866 1277 templum,
888 1214 965 1280 quod
1002 1207 1004 1256 i

158 1276 305 1351 Tanfanae
325 1281 471 1344 vocabant,
490 1280 552 1332 solo
572 1285 736 1349 aequantur.
765 1282 825 1333 sine
844 1281 964 1333 vulnere
1002 1315 1004 1372 l

154 1349 265 1412 milites,
276 1350 322 1418 qui
333 1352 525 1413 semisomnos,
535 1352 656 1402 inermos
667 1356 716 1402 aut
725 1350 846 1415 palantis
858 1352 976 1421 cecide-⁴„
1002 1374 1004 1450 q

154 1425 243 1483 rant„
262 1419 372 1473 Excivit
388 1434 422 1472 ea
438 1419 537 1473 caedes
547 1420 708 1482 Bructeros,
728 1421 882 1482 lubentes,
901 1421 966 1474 Vsi-

154 1495 245 1554 petes,;
265 1487 417 1558 salusque,
437 1502 487 1556 per
499 1504 568 1557 quos
580 1489 714 1542 exercitui
725 1503 877 1557 regressus,
892 1490 965 1551 inse-
1002 1455 1004 1584 Ι

155 1558 231 1611 dere.
250 1559 324 1628 quod
335 1574 451 1630 gnarum
464 1559 544 1624 duci,
565 1562 732 1627 incessitque
742 1561 835 1612 itineri
845 1566 875 1617 et
885 1573 966 1626 proe-

154 1627 204 1679 lio.
223 1643 289 1695 pars
306 1630 429 1696 equitum
445 1635 474 1680 et
488 1629 653 1693 auxiliariae
669 1628 800 1681 cohortes
811 1628 964 1682 ducebant:

156 1711 222 1750 mox
232 1699 321 1764 prima
331 1698 418 1764 legio:
438 1697 800 1764 etmediisimpedimentis,
818 1699 966 1750 sinistrum

156 1767 231 1818 latus
252 1767 504 1830 unaetvicesimani,
527 1767 656 1822 dextrum
676 1767 802 1835 quintani
821 1767 964 1821 clausere:

154 1833 286 1888 vicesima
296 1836 369 1904 legio
379 1841 459 1903 terga
469 1837 602 1906 firmavit:
623 1841 687 1903 post
706 1837 793 1888 ceteri
812 1841 965 1897 sociorum.

155 1903 212 1958 Sed
231 1903 447 1967 hortea-donec
466 1921 565 1974 agmen
585 1920 636 1972 per
654 1904 744 1956 saltus
762 1907 966 1973 porrigeretur,

154 1976 277 2028 immoti:
297 1975 360 2027 dein
376 1974 466 2026 latera
477 1981 506 2026 et
517 1975 638 2028 frontem
653 1973 761 2028 modice
777 1975 965 2038 adsultantes,

153 2044 426 2115 totarinovissinros
437 2045 593 2098 incurrere:
614 2044 856 2112 turbabanturque
869 2045 966 2098 densis
1002 2050 1004 2116 l

155 2111 358 2165 Germanorum
369 2115 487 2176 catervis
497 2115 573 2166 leves
583 2109 720 2177 cohortes,
731 2128 794 2165 cum
803 2115 908 2168 Caesar
918 2117 967 2168 ad-
1002 2134 1004 2165 ε

154 2185 495 2244 vectusauvicesimanos,
511 2198 578 2235 voce
589 2197 699 2250 magna,
719 2181 966 2254 bacilludtempae
1002 2204 1004 2221 =

88 2305 92 2316 ,
155 2251 351 2308 oblitterandae
366 2252 515 2315 seditionis,
536 2253 708 2305 clamitabatr
724 2262 882 2322 pergerent,
900 2271 967 2324 pec·
1002 2254 1004 2281 ²

152 2329 285 2388 perorent
300 2320 442 2389 eulpramia
456 2323 537 2374 decan
553 2331 669 2375 uertere.
703 2324 842 2375 Exarsere
853 2324 967 2389 animis,
1002 2324 1004 2393 j

153 2405 265 2458 unoque
279 2392 384 2458 impetu
400 2398 563 2458 perruptum
577 2389 686 2445 bostem
700 2392 832 2459 redigunt
842 2393 871 2444 in
881 2405 968 2461 aper·
1002 2406 1004 2441 ἱ

97 2481 100 2487 Α
153 2468 192 2521 ta,
211 2456 392 2528 caeduntque.
422 2460 505 2512 simul
519 2462 601 2527 primi
615 2461 969 2529 agminiscopiaeemsere
1002 2464 1004 2529 f

152 2528 250 2592 silvas,
270 2534 417 2599 castraque
428 2531 642 2582 communirere.
676 2529 808 2591 Quietum
817 2531 883 2586 inda
891 2533 969 2586 iter:

153 2597 296 2720 gdensqlue
316 2600 475 2652 recentibus
493 2612 527 2650 ac
540 2598 665 2664 priorum
674 2597 779 2653 oblitus
788 2599 868 2658 miles
877 2602 909 2656 in
919 2600 967 2656 bi-

173 2670 247 2720 ernis
269 2672 373 2720 ocatur.
