2034 3025
115 123 121 131 ¹
158 104 210 161 rao
278 106 503 163 nuuamvm
523 106 681 179 [aava
697 110 840 183 s.c.22.1
1004 90 1008 95 ’

155 229 209 335 ripn
219 211 405 295 mmuiationi,
419 209 472 267 non
482 213 552 279 odio,
571 223 621 267 aut
631 216 752 283 prioatie
763 220 960 291 adfectionibus
980 254 982 259 -
1003 245 1007 249 ·

156 297 308 336 omasum.
540 308 543 314 ν
991 321 993 324 -

125 351 128 360 ’
207 347 279 405 LIX.
297 352 437 405 tacemus
447 367 519 422 quae
530 368 593 406 cum
603 356 845 423 Augur-Lentulus
854 359 958 427 aliique

155 423 232 475 varie
242 422 419 485 dissererent,
429 438 462 481 eo
474 422 620 475 decursum
632 430 683 488 est,
693 424 957 496 atPontifleirMar.

154 490 317 544 sententiam
336 491 534 558 opperirentur.
575 493 717 557 Tiberius,
737 495 824 547 dilata
843 498 958 550 notione

155 560 190 611 de
199 562 261 619 iure
271 559 413 624 Flaminis,
433 560 561 613 decretas
572 564 606 614 ob
617 563 804 615 Tribunieiam
815 564 901 617 Drusi
910 579 960 632 po-

133 662 137 665 -
154 634 283 688 testatem
290 630 658 697 caerimoniastemperavit3
669 632 830 685 nominatim
837 648 959 701 arguens

152 694 323 750 insolentiam
332 697 495 761 sententiae,
514 716 664 769 aureasque
678 701 786 753 litteras
801 711 897 756 coretra
909 718 960 781 pa·

154 766 239 838 triane
253 782 360 834 mosem.
396 766 540 821 Recitatae
556 775 585 821 et
594 770 681 821 Drusi
701 772 844 837 epistolae,
865 787 959 840 quam-

154 850 238 903 quam
253 835 289 886 ad
305 836 468 887 modestiam
483 835 582 901 flexae,
602 853 653 906 pro
669 841 873 905 superbissimis
889 842 960 893 aeci·

153 906 281 971 piantur:
298 902 362 956 Hac
376 904 503 957 decidisse
518 916 630 971 cancta,
648 916 723 961 utne
732 907 836 961 invenie
845 910 961 979 quidem,

114 981 117 984 “
154 972 749 1043 εαπτσῆοηονιασειριο,αᾶἱνοιιινόἱεῦεω,
768 978 961 1047 ingrederetur
983 1034 994 1040 ,

155 1041 299 1107 Senatum,
319 1042 442 1111 anepicia
456 1046 552 1097 saltem
564 1045 669 1126 gentile
684 1048 759 1113 apud
767 1047 960 1114 rolaneincipe-

152 1109 336 1165 reti‘Bellnm
346 1111 471 1175 scilieet,
481 1121 533 1170 ant
548 1115 652 1179 denerro
668 1124 806 1175 terrorum
822 1115 960 1179 distineri,

152 1181 237 1233 litora
247 1188 275 1232 et
289 1183 364 1233 locas
376 1180 541 1252 Campaniae
555 1198 614 1234 cum
624 1183 740 1235 maxime
751 1180 958 1253 peragrantem.

152 1248 286 1303 ricimiri
295 1260 425 1303 rectorem
437 1251 548 1321 generis
558 1250 684 1305 barnani:
700 1251 733 1303 id
746 1252 866 1323 primum
882 1268 896 1303 e
908 1268 960 1319 pa·

57 1382 62 1388 ,
153 1318 238 1372 ternis
256 1320 375 1375 consiliis
394 1319 504 1374 discere.
532 1336 597 1373 eane
613 1330 783 1390 peeeremr
803 1322 960 1389 adepectam

139 1387 251 1441 erinium
261 1404 343 1445 renen
351 1389 519 1455 Imperator,
533 1390 690 1460 fessamque
704 1399 831 1454 aetatem,
846 1400 874 1443 ct
883 1399 961 1443 rector

152 1457 257 1512 iabores
264 1460 472 1528 praetenderet:
485 1457 580 1514 Druso
590 1460 667 1532 quod,
677 1459 732 1515 niti
742 1466 775 1515 en
785 1459 960 1533 adrogantia,

152 1527 387 1598 impedimentum?

204 1597 263 1650 Lx„
283 1597 339 1650 Sed
347 1599 487 1664 Tiberius,
507 1603 562 1652 vim
578 1601 754 1668 Principatus
769 1601 821 1652 eibi
835 1600 961 1663 firmans,

106 1700 110 1703 -
152 1667 303 1733 imaginem
317 1669 493 1736 antiquitatis
504 1669 620 1721 Senatui
635 1670 795 1736 praebebat,
816 1667 961 1734 postulata

151 1737 358 1803 provinciarum
378 1738 415 1789 ad
436 1738 655 1804 disquisitionem
677 1738 792 1789 Patrum
813 1736 960 1789 mittendo.

153 1804 354 1858 crebrescebat
364 1807 437 1856 enim
449 1805 573 1858 Graecas
583 1821 633 1874 per
643 1807 727 1857 urbes
743 1805 857 1858 licentia
872 1811 959 1873 atque

150 1874 301 1940 impunitas
310 1874 391 1941 asyla
401 1875 554 1926 statuendi:
567 1875 776 1942 complebantur
785 1874 889 1940 templa
899 1889 961 1940 pes-

151 1944 229 1994 simis
244 1944 435 2009 serritiorum:
458 1944 556 1996 eodem
575 1945 698 1996 subsidio
719 1945 844 2008 obaerati
864 1944 979 1996 adver·-

151 2027 213 2064 sum
223 2012 384 2076 creditores,
404 2014 578 2080 suspectique
589 2014 749 2080 capitalium
762 2015 906 2070 criminum
917 2027 962 2065 re·

114 2138 116 2141 ,
150 2082 344 2147 captabantur.
362 2081 420 2134 Nee
431 2083 519 2134 ullum
529 2085 597 2135 satis
608 2083 730 2136 validum
740 2083 885 2149 imperium
897 2089 961 2136 erat

115 2156 118 2162 ’
151 2151 315 2204 coercendis
325 2151 508 2205 seditionibus
518 2152 624 2221 populi,
639 2152 746 2221 flagitia
755 2152 906 2217 hominum,
925 2157 960 2204 ut

151 2221 637 2290 caerimoniasDeum,protegentis·
672 2222 910 2290 igiturpiacitum,
926 2227 960 2273 ut

151 2291 295 2357 mitterent
304 2292 429 2344 civitates
440 2293 504 2343 iura
515 2296 598 2362 atque
609 2292 723 2360 legatos.
759 2293 797 2343 lit
811 2291 959 2357 quaedam,

150 2355 226 2428 quod
236 2359 308 2419 iaisp
317 2367 529 2427 usurpaverant,
540 2367 640 2428 sponte
651 2363 782 2414 omisere:
798 2359 902 2411 multae
913 2375 959 2410 ve·

94 2482 98 2487 ,
151 2430 233 2482 tastis
252 2431 497 2497 superstitionibus
517 2437 566 2482 aut
585 2431 692 2483 meritis
707 2431 736 2481 in
751 2428 887 2497 Populum
903 2429 958 2480 Ro·

141 2515 263 2555 ‚manum
273 2500 413 2559 fidebant»
441 2500 600 2571 Magnaque
617 2501 677 2552 eius
692 2499 747 2552 diei
768 2499 874 2568 species
894 2498 958 2562 fuit,

148 2584 204 2637 qnp
215 2568 335 2623 Senatus
346 2571 484 2622 maiorum
494 2570 639 2632 beneficia,
653 2570 791 2621 sociorum
803 2572 894 2635 pacta,
904 2567 958 2620 Re·

44 2644 47 2655 ¹
148 2654 214 2707 gum
225 2640 320 2706 etiam,
330 2641 377 2710 qui
388 2647 453 2694 ante
463 2641 520 2692 vim
531 2631 684 2694 Ronianem
695 2639 851 2712 valuerant,
862 2636 959 2690 decre
975 2677 976 2680 ,
