2034 3025
126 62 179 116 aro
243 45 806 134 nnunar'vm[aamercort
887 101 891 104 -

126 235 231 290 Vestae
242 234 352 307 quoque
362 239 496 305 templum
506 239 618 301 inisset,
628 243 930 306 repente‘cunctoaper,

128 311 357 370 muatremens,
380 309 554 359 seunumine
566 312 743 370 exterrente,
762 305 928 361 aeufacino·
948 319 952 328 “

126 391 189 428 rum
199 376 397 429 recordatione
408 390 549 456 nunquam
560 376 663 427 timore
672 391 784 440 vacuus,
800 375 928 428 deseruit

125 447 282 514 inceptum,
308 453 420 498 cunctae
434 443 484 496 aibr
498 459 580 496 curor
595 459 685 498 amore
696 444 807 512 patriae
817 443 928 497 leviores

126 515 269 568 dictitans.
310 513 413 567 Vidine
422 513 521 566 dolum
531 521 645 565 maestos
654 516 770 577 voltur„
784 512 880 565 audire
889 527 927 566 re·
986 511 989 516 ’

127 583 422 653 cretorquerimoniur,
450 583 636 652 quadrantem
650 581 775 636 aditurus
785 591 852 634 erret
861 581 927 646 lter,

126 652 203 704 cuiue
212 671 245 706 ree
255 653 368 706 medicor
379 651 484 720 quidem
494 666 617 722 egrerour
627 653 784 713 tolerarent,
800 650 871 702 raeti
880 651 928 706 ad·

126 737 232 774 cerrum
242 721 367 804 fortuita
380 721 506 788 adspectu
522 720 662 788 Principia
677 719 803 793 refoveri.
839 717 928 789 Ergo,

127 797 159 842 ut
169 790 324 857 inprecaris
335 790 705 859 ueretritodim'borproxlme
716 789 835 859 pignora
845 804 928 855 prae-

126 862 259 923 valerent,
275 859 319 912 itu
327 858 461 925 Populum
471 857 622 913 Romanum
633 859 686 910 eim
692 859 839 927 plurimam
850 857 929 910 balre-

62 947 73 960 ·
127 943 171 989 re,
195 929 395 996 parendumque
404 929 543 981 retinenti.
578 929 657 980 Haeo
671 934 756 996 atque
770 927 947 994 taliaplebl·

126 997 254 1069 volentia
262 996 353 1060 fuere,
370 998 546 1064 voluptatum
556 997 696 1066 cupidine,
711 1003 750 1060 et,
767 1011 838 1065 quae
849 1011 929 1063 prae·

128 1067 354 1132 cipuacuraeat,
371 1069 414 1120 rei
425 1066 627 1120 frumentariae
637 1070 796 1136 angustias,
814 1067 838 1118 ei
850 1065 928 1117 abes·
947 1101 955 1109 -

128 1139 187 1197 aet,
215 1136 361 1188 metuenti.
415 1133 536 1188 Senatus
562 1143 592 1189 et
611 1138 750 1204 primores
769 1137 799 1186 in
818 1136 937 1187 incerto·
980 1164 982 1168 ,

128 1209 220 1267 erant,
238 1203 334 1271 procul
344 1220 380 1266 an
390 1217 485 1255 coram
495 1207 619 1258 atrocior
629 1205 791 1265 baberetur.
818 1201 928 1266 dehinc,

118 1288 200 1340 uuae
211 1275 432 1342 naturamagnis
442 1275 607 1339 timoribus,
630 1274 756 1328 deterius
766 1269 927 1336 credebant,

129 1342 203 1410 quod
214 1344 355 1394 evenerat
877 1351 884 1356 “

138 1449 141 1452 ⁴
182 1410 416 1478 xxxvl1.1pse,
444 1426 499 1480 quo
510 1410 594 1464 fidem
605 1412 780 1483 adquireret,
803 1409 928 1462 nihilne·

130 1496 213 1549 quam
223 1481 338 1549 perinde
348 1481 454 1535 laetum
464 1482 529 1545 ribi,
540 1483 658 1549 publicis
668 1483 738 1535 locis
748 1487 858 1534 struere
865 1493 928 1532 eon-

129 1552 217 1614 vivia,
244 1557 362 1619 totaque
376 1554 446 1606 urbe
457 1552 538 1621 quasi
554 1551 637 1605 domo
647 1554 699 1605 uti.
735 1552 770 1602 Et
781 1550 929 1603 celeberri-

129 1634 193 1671 mae
212 1622 280 1674 luxu
297 1620 426 1687 famaque
443 1622 542 1687 epulae
554 1620 646 1681 fuere,
675 1635 743 1688 quas
759 1619 928 1686 a'l'igellino

128 1694 259 1755 paratae,
276 1691 490 1757 nt'exemplum,
509 1688 644 1750 referam,
663 1704 697 1739 ne
708 1688 819 1753 saepius
830 1687 929 1737 eadem

129 1758 309 1826 prodigentia
318 1758 459 1809 narranda
468 1758 515 1807 ait.
539 1757 630 1823 igitur
639 1758 667 1806 in
679 1761 779 1821 stagno
789 1756 928 1821 Agrippae

129 1825 283 1878 fabricatus
299 1830 344 1879 eat
358 1832 464 1887 ratem,
491 1823 756 1888 cuisuperpositum
771 1823 929 1875 convivium

128 1894 247 1947 aliarum
265 1900 358 1947 tractu
377 1896 488 1945 narium
506 1896 674 1943 moveretur.
712 1904 795 1940 nares
814 1904 882 1939 auro
899 1897 930 1941 et

129 1964 215 2017 ebore
226 1965 388 2015 distinctae:
416 1962 592 2026 remigesque
604 1956 708 2009 exoleti
718 1972 768 2026 per
778 1962 888 2009 aetates
900 1965 929 2011 et

129 2033 276 2083 nolentiam
296 2031 443 2083 libidinum
461 2027 706 2092 componebantur.
750 2027 877 2079 volucres
899 2034 929 2082 et

127 2100 204 2152 ieras
213 2100 332 2151 diversio
342 2114 358 2151 e
368 2099 453 2151 terrie
464 2096 721 2148 etanimaliamaris
728 2098 840 2149 Oceano
847 2096 927 2147 abus·

129 2185 182 2236 que
194 2170 341 2235 petiverat.
374 2165 563 2233 crepidinibus
573 2168 668 2233 atagni
677 2167 826 2237 lupanaria
836 2165 927 2217 adsta
942 2162 948 2173 “

127 2239 212 2301 bant,
240 2236 406 2288 inlustribus
416 2235 529 2289 feminis
545 2237 690 2303 completa.
726 2240 930 2287 contraocorta'

122 2308 300 2370 'visebantur‚
320 2305 402 2358 nudis
412 2305 584 2373 corporibus.
604 2306 659 2372 iam
669 2310 767 2374 gestus
778 2308 927 2370 motusque

128 2375 254 2429 obsceni:
274 2380 317 2440 et,
335 2376 628 2445 postquomtanebrae
642 2374 821 2435 incedebant,
843 2386 932 2439 quan·

128 2450 188 2496 tum
199 2445 280 2497 iuxta
289 2447 422 2509 nemoris,
441 2451 470 2497 et
481 2446 658 2497 circumiecta
667 2449 752 2506 tecta,
773 2455 926 2493 consonare

129 2522 214 2569 cantu
228 2522 258 2568 et
267 2516 419 2568 luminibus
434 2515 597 2567 clarescere.
633 2511 710 2581 lpse,
739 2525 790 2577 per
799 2510 878 2561 licita
888 2514 928 2561 at·

129 2598 183 2655 que
193 2586 303 2640 inlicita
314 2584 458 2649 foedatur,
482 2581 552 2635 nihil
562 2582 664 2653 flagitii
675 2582 845 2661 reliquerat,
866 2592 927 2648 *qno
