2034 3025
162 125 273 177 urae.
294 121 507 198 cerame
527 121 811 192 [n.v.s2e.s.c.70.]
847 126 883 178 25
909 115 915 122 '

37 201 47 210 ‘
95 203 210 216 uua-n·

80 227 240 296 capitolium
247 235 352 294 petere,
370 227 509 294 plerique,
527 233 619 277 rostra
631 226 799 293 occupanda,
817 243 879 278 cen-

79 303 184 359 serent,
204 296 298 363 plures
308 301 416 346 tantum
427 296 573 346 sententiis
582 295 702 346 aliorum
711 295 882 348 contradice-

79 371 157 427 rent,
180 371 266 432 utque
282 366 373 416 evenit
387 366 416 414 in
432 363 554 415 consiliis
572 360 745 426 infelicibus,
775 365 881 430 optima

78 435 253 499 viderentur2
267 447 384 500 quorum
396 441 504 500 tempus
515 431 661 500 effugerat.
697 432 881 498 Agitasseba·

79 519 126 567 eo,
154 506 251 570 ignaro
272 501 374 563 Galba,
402 501 436 552 de
457 501 607 552 occidendo
621 502 654 553 Τ.
669 501 754 553 Vinio
769 501 881 562 dicitur,

79 575 137 624 sive
148 577 181 622 ut
190 585 280 636 poena
291 571 349 620 eius
359 571 465 622 animos
475 570 595 620 rnilitum
604 570 749 631 mulceret,
758 585 809 621 scu
816 585 880 620 con·

79 637 298 692 salomomonis
313 639 457 702 credebat,
484 638 519 688 ad
534 642 717 704 postremum,
744 638 791 689 rel
805 639 880 689 odio.

78 709 291 762 haesitationem
306 707 407 758 adtulit
421 713 529 773 tempus
542 720 575 757 ac
589 706 679 769 locus,
703 707 781 774 quie,
799 708 881 757 initio

79 779 259 838 condiscite,
278 776 396 826 difficilis
411 776 519 826 modus.
537 780 566 826 et
575 777 722 827 turbavere
732 776 880 827 consilium

78 847 180 912 trepidi
191 845 281 896 nuntii
291 861 324 898 ac
334 846 525 912 proximorum
535 842 663 911 diffugia,
681 844 879 912 languentibus

79 916 203 966 omnium
213 913 326 976 studiis,
344 916 389 982 qui
406 915 496 982 primo
511 912 618 965 alacres
630 912 715 967 iidem
728 920 813 981 atque
823 915 879 964 ani-

79 997 154 1036 mum
164 988 382 1036 ostentaverant.
520 1035 525 1040 Δ

130 1053 191 1105 XL.
225 1053 365 1118 Agebatur
383 1049 437 1104 huc
456 1051 526 1102 illuc
545 1049 649 1114 Galba,
682 1046 761 1102 velie
780 1053 879 1104 turbae

79 1122 238 1174 fluctuantis
253 1121 379 1188 inpulsu:
408 1120 553 1186 completis
569 1121 690 1188 undique
708 1120 830 1172 basilicis
845 1137 879 1172 ac

46 1189 55 1198 “
77 1191 199 1256 templis,
214 1189 324 1257 lugubri
336 1195 491 1256 prospectu.
510 1190 715 1256 neqnepopuli,
731 1195 781 1239 aut
789 1189 878 1255 plebis

77 1260 137 1310 ulla
146 1274 214 1322 vorm
234 1259 283 1310 sed
297 1259 416 1310 adtoniti
430 1259 524 1308 vultus
536 1264 564 1308 et
578 1271 729 1310 conversae
739 1257 878 1308 adomnia

79 1341 169 1380 aures.
188 1327 400 1390 nontumultus‚
418 1341 473 1377 non
485 1327 577 1393 quiesi
597 1327 680 1392 quale
689 1328 780 1392 magni
788 1333 878 1376 metus

77 1401 105 1449 et
115 1393 232 1462 magnae
242 1397 301 1445 irae
311 1396 451 1446 silentium
462 1400 512 1446 est.
548 1392 654 1443 Othoni
663 1400 764 1454 tamen,
774 1395 879 1444 armari

72 1463 186 1535 plebem,
206 1463 393 1515 nuntiabatur.
429 1463 475 1515 Ire
482 1460 648 1530 praecipitet
658 1471 686 1513 et
696 1476 826 1529 occupare
833 1477 879 1528 pe·

76 1534 165 1596 ricula
180 1533 266 1583 iubet.
302 1532 390 1598 lgitur
403 1529 506 1583 milites
520 1531 652 1593 Romani,
672 1530 751 1597 quasi
760 1530 879 1597 Vologe-

77 1618 128 1655 sen
144 1606 194 1652 aut
202 1599 337 1651 Pacorum
354 1601 427 1651 avito
437 1599 632 1653 Arsacidarum
643 1599 714 1649 solio
727 1598 879 1665 depulsuri,

76 1687 110 1723 ac
120 1684 176 1721 non
188 1670 388 1736 Imperatorem
403 1684 483 1719 suum
497 1669 630 1717 inermem
646 1672 676 1717 et
689 1682 784 1717 senem
794 1670 878 1719 truci-

77 1742 145 1793 dare
160 1742 323 1807 pergerent,
346 1737 461 1797 disiecta
473 1736 568 1802 plebe,
586 1735 749 1800 proculcato
763 1732 878 1800 Senatu,

76 1816 170 1861 truces
185 1808 284 1869 ermis,
303 1808 406 1873 rapidis
423 1808 517 1873 cquis,
536 1803 625 1855 forum
636 1805 808 1871 inrumpunt.
825 1820 878 1858 nec

76 1878 141 1929 illos
152 1878 275 1945 capitolii
286 1876 447 1942 adspectus,
466 1880 496 1926 et
504 1875 699 1925 inminentium
709 1875 878 1941 templorum

76 1947 190 2013 religio,
209 1951 239 1997 et
249 1946 355 2012 priores
370 1950 399 1997 et
409 1944 497 1995 futuri
508 1942 651 2009 Principes
662 1948 805 2005 terruere,
823 1958 878 2011 quo

75 2016 167 2067 minus
177 2015 302 2068 facerent
311 2014 416 2079 scelus,
435 2012 600 2067 cuiusnltor
610 2016 665 2077 est,
683 2013 806 2081 quisquis
816 2028 878 2066 suc·

76 2086 170 2139 cessit.
812 2115 815 2121 -

128 2153 202 2206 XLl.
238 2154 304 2215 Viso
315 2155 439 2205 cominus
455 2158 626 2205 armatorum
642 2152 765 2219 agmine,
792 2151 878 2203 venil-

74 2224 163 2275 larius
176 2222 440 2275 comitataeGalbam
456 2222 577 2273 cohortis
592 2221 728 2285 (Atilium
747 2218 879 2288 Vergilio·

27 2356 31 2360 ’
56 2291 366 2427 ’ἒέῶξῖῗῖῗῗὲῗῖἐ
380 2287 902 2410 liilillr‘ilbbllidllill
935 2326 939 2339 ·

76 2430 195 2481 militum
207 2429 306 2491 studia,
328 2428 467 2479 desertum
479 2426 546 2493 fuga
555 2428 650 2494 populi
661 2427 763 2487 forum,
782 2424 879 2476 destri-

77 2502 124 2551 cta
144 2498 275 2555 adversus
296 2497 453 2548 dubitantes
471 2496 538 2547 tela.
575 2497 658 2547 lenta
673 2496 762 2545 Crrrtii
777 2494 886 2554 lacum,¹

77 2567 264 2633 trepidatione
284 2563 433 2617 ferentium
453 2564 543 2617 Galba
562 2565 703 2631 proiectus
722 2578 738 2613 e
759 2561 829 2613 sella
848 2574 880 2609 ac

75 2635 242 2709 provolutus
258 2641 309 2689 est.
344 2636 583 2688 Extremam‘oius
598 2646 706 2695 rocem,
732 2636 766 2682 ut
781 2629 880 2704 cuique
