2034 3025
164 147 315 206 nrnnv.
327 125 538 211 onum-er.
556 118 856 216 [s.v.s24.nc71.1‘
873 135 948 218 mp‘

121 325 227 378 tionem
237 330 374 390 acceptae.
412 322 607 374 classemultro
617 323 792 374 caninefates
802 321 927 392 adgressi

122 400 200 446 sunt:
219 393 362 458 maiorque
372 405 438 456 pars
449 393 558 442 navium
569 391 701 455 depressa
711 399 760 442 aut
770 399 860 459 capta.
889 394 927 445 Er

122 461 287 516 Nerviorum
300 456 514 520 multitudinem,
531 467 630 525 sponte
641 468 815 523 commotam,
832 462 927 527 utpro

123 529 255 586 Romanis
265 529 370 588 bellum
381 532 544 592 capesseret,
561 527 645 577 iidem
660 529 837 580 Canninefates
851 529 928 583 rods·

123 613 164 652 re.
202 598 340 648 Classicus
350 610 459 664 quoque
475 596 606 646 adversus
617 596 732 662 equites,
752 596 928 651 Novesiuma
973 636 984 644 ,

126 667 234 719 Ceriale
244 665 418 734 praemissos,
436 664 586 722 secundum
598 664 734 730 proelium
746 665 820 717 iecit.
856 680 928 734 quas

122 735 247 801 ¹modica,
266 734 316 786 sed
332 733 429 784 crebra
445 733 547 784 damna
561 732 663 785 famam
678 734 823 800 victoriae,
839 747 929 802 nuper
993 762 1002 768 ·

36 843 44 858 ,
124 809 230 872 partae,
249 802 417 854 lacerabant.

135 910 138 918 .
177 871 289 923 LXXX.
324 871 426 924 lisdem
447 869 545 922 diebus
560 870 707 922 Mucianus
720 869 826 924 Vitellii
840 871 929 924 illium

123 933 242 992 iuteriiel
254 941 343 991 iubet:
362 949 521 990 mansuram
532 939 697 992 discordiam
713 941 881 1002 obtendens,
900 942 929 995 ni

124 1011 231 1061 semina
240 1009 306 1061 belli
321 1009 501 1058 restinxisset.
537 1007 633 1074 Neque
642 1009 790 1060 Antonium
806 1008 927 1061 Primum

124 1077 224 1129 adsciri
235 1079 309 1127 inter
321 1077 436 1126 comites
450 1089 467 1124 a
476 1075 637 1129 Domitiano
652 1092 749 1144 passus
759 1084 814 1128 est:
833 1077 929 1133 favore

124 1147 242 1200 militum
255 1145 368 1208 aniius,
387 1148 415 1194 et
425 1143 626 1210 supeplaiaviri,
644 1145 800 1212 aequalium
811 1161 929 1214 quoque,
964 1188 967 1193 ,

124 1215 195 1266 adeo
205 1215 390 1280 superiorum,
407 1212 592 1270 intolerantis.
628 1211 818 1265 Profectusad
829 1213 929 1280 Vespa

123 1284 233 1335 sianum
247 1283 396 1344 Antonius,
412 1286 446 1334 ‚ut
461 1295 516 1332 nou
533 1295 583 1347 pro
598 1297 646 1348 spe
656 1297 707 1346 sua
721 1284 871 1348 excipitur,
888 1285 930 1335 ita

53 1400 56 1405 .
125 1365 215 1418 seque
225 1366 322 1402 averso
333 1351 513 1416 lmperatoris
528 1351 630 1402 animo.
665 1349 879 1403 Trahebaturiu
890 1351 928 1401 di·

124 1433 218 1471 versa:
235 1418 299 1470 lrinc
314 1420 420 1470 meritis
434 1419 558 1478 Antonii,
578 1420 656 1469 cuius
671 1419 756 1469 ductu
771 1418 928 1470 coniectum

126 1483 299 1541 hauddubie
316 1480 419 1552 bellum
436 1494 505 1549 erat,
522 1485 589 1541 inde
602 1487 723 1540 Muciani
739 1487 876 1554 epistolis:
894 1490 929 1539 si

124 1557 183 1609 rnul
194 1559 287 1620 ceteri,
305 1564 338 1607 ut
356 1556 487 1629 infestum
506 1555 690 1623 tumidumque
708 1556 930 1622 insectabantur,

66 1670 68 1675 .
125 1625 261 1677 adiunctis
272 1627 373 1691 prioris
384 1623 458 1677 vitae
464 1623 633 1675 criminibus.
651 1639 740 1691 neque
750 1626 810 1691 ipse
821 1624 928 1694 deerat,

125 1694 291 1761 adrogantia
301 1692 401 1747 vocure
413 1692 544 1755 offensas,
560 1693 661 1743 nimius
671 1693 928 1775 connnemorandts,

124 1778 196 1833 quae
212 1764 366 1817 meruisset.
375 1762 459 1829 Alios,
468 1768 500 1813 ut
509 1760 628 1833 inbelles,
638 1755 792 1825 Caecinam,
802 1766 834 1811 ut
842 1769 927 1829 capir-

125 1834 187 1886 lumr
206 1848 238 1885 ar
257 1830 420 1894 dediticium,
439 1832 573 1896 increpat.
592 1829 673 1883 Vnde
683 1830 829 1895 paullatim
839 1830 928 1883 levio'r

125 1900 264 1969 viliorque
274 1900 377 1963 haberi,
388 1904 516 1951 manente
526 1905 619 1951 tamen
628 1900 657 1949 in
668 1902 784 1963 speciem
796 1900 927 1957 amicitia.

176 1967 300 2023 LXXXI.
337 1970 391 2023 Per
407 1978 456 2021 eos
474 1967 596 2030 mensos,
620 1968 719 2035 quibus
738 1968 928 2035 Vespasianus

102 2083 104 2087 Α
126 2038 310 2091 Alexandriae
320 2043 408 2089 statos
418 2038 534 2089 aestivis
542 2035 653 2098 datibus
662 2036 729 2099 dies,
748 2043 777 2089 et
786 2040 862 2092 certa
871 2051 928 2089 rua·

125 2106 164 2157 ris
175 2108 379 2173 opperiebatur,
396 2106 483 2163 multa
493 2104 629 2157 miracula
640 2120 764 2168 evenere,
783 2107 845 2174 quis
856 2103 927 2160 coeli

126 2172 206 2227 favor
220 2181 248 2226 et
263 2175 441 2241 quaedam'in
456 2174 657 2239 Vespasianum
673 2174 818 2227 inclinatio
834 2173 928 2226 Numi·

127 2258 192 2295 num
209 2241 411 2294 ostenderetur.
447 2242 490 2294 lix
505 2242 586 2309 plebe
601 2242 787 2298 Alexandrina
806 2242 929 2309 quidam,

128 2311 270 2362 oculorum
283 2310 355 2363 tabe
374 2316 466 2374 notus,
484 2312 576 2377 'genua
586 2311 646 2361 eius
664 2310 829 2373 advolvitur,
846 2327 929 2364 rems·

126 2380 199 2431 dium
212 2378 354 2431 coecitatis
368 2381 519 2445 exposcens
533 2379 652 2446 gemitu3
669 2380 776 2430 monitu
787 2377 929 2446 Serapidis

126 2448 189 2511 Dei,
208 2452 291 2517 quern
308 2446 403 2500 dedita
422 2449 665 2515 superstitionibus
685 2462 753 2515 gens
770 2454 837 2499 ante
857 2448 929 2499 alios

127 2516 207 2570 colit:
229 2516 617 2584 precabaturquePrinoipem,
627 2524 748 2585 otgerius
756 2525 783 2567 et
792 2517 931 2569 oculorum

125 2585 203 2640 orbes
219 2584 381 2655 dignaretur
395 2600 551 2653 respergere
571 2583 626 2637 ors'r
642 2592 818 2637 excremento.
852 2585 930 2640 Alius

128 2668 240 2711 manum
251 2666 349 2725 aeger,
366 2654 464 2709 eodem
478 2654 541 2709 Deo
551 2658 678 2717 auctore,
688 2653 800 2722 ‘otpede
809 2652 929 2708 teverti·
