2034 3025
132 105 214 160 LlB.
223 105 257 157 Π.
273 104 356 158 chit
366 103 436 156 12-
446 105 486 158 14.
523 105 810 177 [A.v.823.s.c.70.l
845 107 883 164 65

74 212 149 262 caesi
165 209 328 286 disiectique
343 210 477 271 montam,
487 217 529 260 ut
541 210 650 277 quibus,
669 216 775 264 temere
789 213 880 266 conle-

73 280 134 342 ctis,
152 292 208 329 non
219 285 320 341 castra,
338 291 395 328 non
406 278 514 330 Ducem
524 280 733 343 noscitantibus,
753 282 882 350 nequein

75 348 192 400 victoria
201 345 285 400 decus
295 351 383 410 esset,
401 345 607 415 nequeinfugs
615 347 759 416 flagitium.

127 415 200 469 Xlll.
236 415 371 468 Inritatus
390 431 424 468 eo
442 417 550 482 proelio
558 411 681 470 lOthonis
696 418 778 472 miles
797 419 882 471 vertit

76 487 131 537 iras
146 486 175 537 in
192 487 372 552 municipium
390 485 500 537 Albium
515 487 698 538 Intemelium.
735 489 835 555 quippe
850 489 880 538 iu

75 555 133 606 acie
152 553 230 604 nihil
243 553 376 620 praedae:
396 554 493 620 inopes
513 562 639 622 agrestes
659 561 688 608 et
706 556 772 606 vilia
790 569 880 607 armet

75 638 126 674 aec
139 623 202 689 capi
220 627 364 688 poterant,
382 627 479 688 pernix
496 639 584 691 genus
603 629 633 676 et
651 627 730 692 gnari
744 624 887 698 locorum„

74 691 124 742 sed
135 689 341 742 calamitatibus
350 691 500 742 insontium
516 693 629 760 expleta
638 694 763 744 avaritia.
796 695 882 745 Auxit

75 759 205 810 invidiam
215 758 360 826 praeclaro
371 761 500 828 exemplo
513 761 616 814 femina
626 763 722 830 Ligus,
742 777 813 829 quac
822 762 881 814 lilio
896 768 898 771 '

75 827 185 890 abdito,
205 843 267 882 cum
278 829 360 882 simul
371 833 513 898 pecuniam
529 832 668 885 occultari
679 831 783 883 milites
794 827 881 884 credi·
948 831 952 834 ’

75 897 189 962 dissent,
200 912 288 966 eoque
297 913 347 966 per
358 902 497 951 eruciatus
507 902 724 969 interrogarent,
740 899 885 970 chifilim
943 938 953 949 .

75 968 226 1018 occuleret?
242 973 353 1020 uterum
369 970 528 1032 ostendens,
535 972 622 1022 latere
635 971 788 1037 respondit.
822 970 881 1023 Nee

75 1035 138 1086 ullis
148 1035 248 1118 deiude
257 1038 422 1101 terroribus,
440 1043 490 1091 aut
499 1045 599 1103 morte,
612 1040 798 1093 constantiam
807 1040 882 1092 vocis

73 1119 202 1227 egrdlgl'dlff
217 1110 370 1231 milda-tidddte'rc
380 1171 736 1244 provinciae-Narbonensi,
754 1175 785 1230 ie
799 1173 881 1231 verda

79 1239 184 1296 Vitellii
194 1243 317 1310 adactae,
327 1246 439 1299 classem
450 1243 579 1310 Othonis,
597 1246 683 1299 Fabio
696 1245 812 1301 Valenti
826 1253 882 1300 tre
899 1296 902 1302 .

26 1343 29 1350 ·
73 1312 377 1380 pidinuutiiadtulere.
413 1315 538 1368 Aderant
547 1316 633 1383 legati
644 1315 824 1378 coloniarum,
834 1330 882 1367 aa·

74 1381 171 1433 silium
182 1387 315 1444 orantes.x
338 1383 603 1452 DuasaTungrorurn
614 1383 749 1447 cohortes,
760 1390 882 1452 quotuor

74 1452 198 1519 equitum
219 1455 332 1516 turmas,
341 1453 499 1513 universam
518 1454 704 1505 Treverorum
724 1453 799 1504 alam
818 1467 882 1506 cum

74 1521 145 1573 lulio
158 1520 293 1583 Classico,
309 1520 469 1585 Praefecto,
480 1523 567 1573 misit:
587 1523 712 1590 equibus
723 1536 788 1589 pars
796 1524 825 1573 in
835 1537 881 1575 co·

75 1590 150 1641 ionia
159 1588 345 1643 Foroiuliensi
355 1595 474 1654 retenta,
493 1606 541 1655 ne,
551 1592 679 1643 omnibus
689 1593 776 1658 copiis
785 1591 814 1641 in
824 1598 881 1644 ter·

74 1665 164 1711 restre
174 1660 229 1711 iter
238 1660 332 1722 versis,
339 1674 426 1711 vacuo
437 1661 506 1711 meri
514 1660 795 1715 classisacceleraret
805 1660 881 1712 Duc·

74 1730 162 1780 decim
174 1729 297 1796 equitum
308 1736 427 1792 turmae,
447 1736 476 1781 et
486 1729 552 1782 lecti
563 1745 579 1781 e
591 1728 765 1794 cohortibus,
785 1730 900 1782 adher-*-
936 1784 939 1788 ,

73 1812 121 1849 sus
137 1796 245 1850 hostem
263 1798 334 1850 iere:
357 1800 455 1869 quibus
465 1798 602 1851 adiuncta
617 1800 753 1868 Ligurum
770 1798 881 1863 cohors,

73 1872 153 1919 vetus
165 1866 219 1919 loci
230 1868 376 1931 auxilium,
388 1874 417 1921 ct
426 1869 571 1937 quingenti
580 1869 688 1935 Alpini,
699 1872 747 1937 qui
757 1868 879 1921 noudum

72 1938 124 1989 sub
133 1937 227 2004 signis.
262 1936 321 1989 Nec
332 1953 411 1990 mora
423 1939 543 2005 proelio:
553 1938 602 1991 scd
613 1940 674 1991 acic
683 1939 725 1991 ita
734 1941 880 2001 instructa,

73 2012 105 2057 ut
124 2021 189 2073 pars
200 2005 386 2071 classicorum,
405 2008 497 2059 mixtis
509 2010 632 2076 paganis,
650 2009 680 2060 in
699 2008 788 2061 colles
808 2008 880 2059 meri

73 2076 242 2142 propinquos
253 2082 429 2145 exsurgeret,
447 2084 581 2145 quantam
591 2078 760 2131 intercoiles
770 2090 802 2129 ac
811 2077 880 2128 litus

73 2145 154 2211 aequi
165 2143 232 2207 loci,
242 2143 440 2197 Praetorianus
451 2148 532 2199 miles
547 2148 687 2214 expleret,
697 2150 725 2200 in
736 2149 796 2213 ipso
807 2146 879 2197 utari

73 2219 104 2265 ut
114 2226 222 2265 annexa
236 2211 333 2264 classis
345 2221 373 2277 ct
387 2228 495 2281 pugnae
511 2224 622 2283 parata,
642 2232 776 2269 conversa
792 2221 821 2266 et
830 2215 880 2265 mi·

73 2284 133 2334 naci
145 2280 237 2333 fronte
247 2283 487 2349 praetenderetur.
515 2286 667 2348 Vitelliani,
678 2285 883 2353 quibusminor:

73 2352 196 2421 peditum
206 2352 257 2414 vis,
277 2351 306 2402 io
317 2351 409 2419 equite
419 2352 521 2416 robur,
534 2353 648 2421 Alpinos
657 2352 884 2423 proximip‘itugjfl²
957 2369 958 2372 =

13 2442 15 2447 ,
71 2419 199 2475 cohortes
211 2420 302 2473 densis
317 2420 459 2473 ordinibus
470 2427 534 2487 post
545 2425 666 2491 equitem
681 2424 786 2478 lomna
795 2424 881 2484 stre,
983 2487 993 2495 1

71 2505 199 2544 verorum
210 2494 320 2542 turmae
331 2488 458 2543 obtulere
469 2486 498 2543 se
509 2490 584 2543 hosti
594 2494 716 2562 incaute,
733 2508 796 2547 oum
805 2491 878 2546 exci-

72 2565 150 2629 peret
160 2564 258 2611 contra
267 2564 418 2611 veteranus
427 2560 514 2624 miles,
529 2562 613 2615 simul
623 2561 824 2628 elatem-saxis
833 2574 881 2612 ur·

51 2633 230 2751 gepepcpppp
237 2628 280 2751 1api
297 2628 454 2700 iaciendum
469 2632 560 2718 ,etiem
579 2646 751 2753 pagaporam
765 2642 879 2683 monuit
941 2638 949 2715 v·
