2034 3025
88 96 169 151 ΗΒ.
180 94 258 149 XVI.
273 94 356 148 CAP.
365 93 489 159 tuf-28.
506 92 550 161 [A.
560 94 593 146 V.
603 90 669 147 dns·
681 92 714 146 Α.
726 95 754 146 C.
767 92 823 164 674
838 96 891 150 40⁷

95 171 889 194 W——m

88 202 212 265 Senatui,
223 216 298 267 quem
307 200 519 266 perornavisset,
529 199 675 271 infamiam
686 200 873 271 tantiflagitii
879 220 892 263 ,·

86 281 115 326 et
124 272 289 339 relinqueret
299 269 446 334 incertum,
469 270 548 336 qnid,
567 268 622 320 uiso
637 268 760 322 Thrasea
771 288 831 333 rea,
849 272 892 323 ele·
916 296 923 303 ·

54 327 64 367 ¹
84 341 190 396 metari
200 341 301 391 Patres
310 338 431 409 firerint.
473 338 508 390 Vt
519 337 654 391 Neronem
656 336 833 409 flagitiorum
841 354 892 408 pu-

87 413 136 463 dor
147 419 266 479 caperet,
275 408 362 460 inrita
372 424 417 475 epe
426 407 549 477 agitari:
559 410 694 473 multoque
704 410 792 478 magis
798 410 892 461 timen-

83 482 158 543 dum,
176 498 209 532 ne
218 479 248 530 in
257 477 412 545 coniugem,
427 476 618 549 infantilium,
634 478 664 531 in
674 487 764 530 cetera
771 478 892 548 pignora

86 551 147 605 eius
155 548 280 600 saeuiret.
296 561 298 564 ·
315 546 438 604 Proinde
447 546 638 611 intemeratus,
655 547 811 615 ippollutns,
829 564 893 617 quo·

47 645 51 653 ·
85 636 147 672 rum
162 615 285 685 vestigiis
304 622 330 667 et
346 614 443 668 studiis
456 616 541 667 vitam
552 616 672 679 duxerit,
701 634 791 669 eorum
799 618 892 687 gloria

83 696 191 761 peteret
202 685 297 755 finem.
332 686 436 736 Aderat
455 686 574 737 consilio
596 686 725 737 Rusticus
744 688 893 751 Arulenus,

85 759 210 826 flagrans
220 755 341 817 iuvenis,
366 760 395 805 et
404 755 532 820 cupidine
542 755 632 807 laudis
643 754 793 821 afferebat,
815 771 843 809 se
852 758 893 809 in-

85 837 266 881 tercessurum
278 823 394 877 Senatus
407 825 541 876 consulto:
569 838 633 875 nam
647 825 735 892 plebis
750 828 892 895 Tribunus

87 902 157 950 erat
195 892 327 946 cohibuit
335 896 450 960 spiritus
461 895 520 945 eius
531 893 666 958 Thrasea,
684 912 719 950 ne
727 912 798 949 uano
809 904 836 947 et
846 912 893 947 reo

85 964 308 1036 nonprofutura,
326 962 497 1015 intercessori
507 962 637 1025 exitiosa,
655 964 796 1032 inciperet.
834 964 905 1016 stat·

87 1044 179 1089 aetam
188 1042 316 1096 oetatem,
331 1041 360 1084 et
370 1040 412 1083 tot
417 1048 468 1099 per
479 1048 563 1083 annas
573 1032 729 1085 continuum
738 1034 812 1085 uitae
823 1034 895 1087 ordi·

86 1104 147 1160 nem
156 1122 209 1158 non
220 1102 389 1155 deserendum
397 1118 408 1152 .-
416 1101 460 1154 ills'
469 1099 580 1153 initium
590 1100 808 1171 Magistratuum
818 1113 845 1156 et
854 1102 895 1157 in-

86 1183 181 1243 tegro,
200 1189 269 1241 puae
278 1170 424 1239 supersint.
459 1168 579 1223 Multum
594 1181 658 1227 aute
669 1173 896 1240 seeumexpende·

87 1252 145 1307 ret,
170 1244 252 1312 quod,
278 1241 331 1294 tali
339 1241 370 1293 in
379 1248 512 1308 tempure,
535 1243 710 1310 capessendae
720 1240 896 1309 Reipublicae

87 1313 143 1365 iter
152 1312 350 1383 ingrederetur.
388 1312 518 1362 ceterum
529 1313 602 1378 ipse,
621 1326 656 1363 an
666 1313 761 1363 uenire
771 1314 800 1363 iu
811 1310 894 1381 Seus-

86 1387 148 1435 tum
159 1381 278 1444 deceret,
295 1380 472 1432 meditationi
481 1395 549 1432 saue
559 1381 681 1447 reliquit.
883 1424 884 1429 ,

140 1452 254 1506 xxvii.
272 1452 309 1503 tt
321 1448 521 1518 parturimus,
544 1449 615 1501 duae
626 1449 787 1502 Praetoriae
798 1448 896 1502 cohor·

89 1527 133 1582 tes
152 1528 277 1574 armatae
287 1519 432 1587 ,templum
449 1518 604 1570 Genetricis
620 1519 738 1572 Veneris
757 1520 895 1572 insedere.

88 1592 201 1644 Aditum
215 1590 335 1642 Senatus
350 1590 450 1656 globus
470 1594 630 1657 togatorum
651 1590 811 1653 obsederat,
839 1604 910 1647 nun.

60 1717 64 1726 ,
90 1661 206 1713 occultis
214 1659 328 1726 gladiis:
349 1659 523 1726 dispersique
534 1675 583 1726 per
593 1658 657 1710 fora
667 1675 700 1710 ae
708 1659 839 1710 basilicas
851 1675 896 1711 cu-

90 1732 137 1782 nei
153 1728 299 1780 militares.
326 1728 400 1780 inter
416 1742 534 1796 quorum
552 1729 697 1796 adspectus
715 1734 744 1780 et
759 1730 846 1780 ruinas
856 1730 897 1779 in·

91 1801 183 1866 gressi
202 1799 307 1850 curiam
327 1797 488 1849 Senatores.
525 1801 563 1850 Et
583 1801 672 1850 oratio
690 1798 827 1866 Principis
846 1813 897 1865 per

92 1870 278 1931 quaestorem
290 1868 349 1918 eius
358 1868 456 1918 audita
466 1872 518 1929 est.
533 1871 641 1920 neurius
652 1869 813 1920 nominatim
825 1883 897 1919 cam-

88 1936 207 2006 pellato,
226 1937 481 2004 patresarguebat‚
499 1937 684 2003 quodputliea
695 1937 787 1990 munio
798 1937 897 1989 ‹lesere-

88 2015 165 2071 rent,
194 2021 336 2075 earumque
350 2006 470 2073 exemplo
478 2005 594 2071 Equites
608 2005 686 2059 Rom.
702 2007 740 2062 ad
752 2005 899 2075 segnitiam

88 2083 270 2129 sterterenlur⁴
306 2074 430 2138 Etenim,
446 2075 512 2142 quid
521 2075 633 2140 urinum,
651 2093 664 2126 e
675 2075 827 2144 longinquis
834 2088 898 2143 pro·

89 2145 188 2199 vinciis
198 2144 273 2197 laud
280 2142 378 2207 ueniri,
398 2143 597 2210 complerique,
617 2145 710 2213 adepti
722 2143 898 2197 Consulatum

67 2279 70 2283 ³
90 2213 296 2275 ert-Sacerdotis,
306 2211 545 2280 tortorumparins
555 2213 715 2267 amoenitati
724 2212 901 2268 inseruirentl

91 2283 167 2354 quod
178 2283 257 2333 velut
267 2281 355 2334 telum
367 2282 513 2346 adripuere
524 2283 709 2336 adcusatores.

142 2351 271 2403 xxviii.
289 2352 334 2414 Et,
344 2351 453 2401 initium
465 2349 585 2411 iaciente
597 2354 773 2414 Cossutiano,
788 2353 895 2406 maiora
940 2351 946 2367 f

89 2423 118 2474 vl
129 2420 292 2481 Marcellus,
302 2434 431 2471 summam
438 2417 640 2486 Rempuilicane
650 2420 707 2490 agi,
719 2421 895 2474 clamitabats

89 2489 263 2546 contumacia
279 2488 442 2562 inferiorum
456 2489 595 2542 lenitatem
608 2489 797 2557 imperitantis
816 2488 897 2542 derni-

88 2560 158 2618 nni,
182 2557 304 2611 Nimium
318 2557 396 2609 mites
411 2557 449 2608 od
461 2573 520 2609 earn
530 2557 598 2610 diem
614 2558 728 2624 Patres,
748 2558 795 2625 qni
808 2558 897 2610 Tlera·
954 2591 956 2596 ·

89 2644 162 2685 seam
172 2627 374 2699 desciscentem,
388 2623 572 2696 quigenerum
582 2627 639 2682 eius
668 2627 824 2682 Heluidium
833 2625 898 2680 Pri·
