2034 3025
122 111 281 167 1218.de
293 111 474 166 curn-6.
494 113 649 182 [numos
668 115 741 168 Μ.
757 119 811 187 su]
827 120 882 174 24⁷

65 223 197 290 reliquus
207 219 362 271 Praeturae
374 217 435 269 dies
449 219 477 268 in
488 219 604 284 Eprium
613 219 780 274 Marcellum
788 224 882 275 oonia-

65 295 180 346 tuaest.
281 329 291 338 .

122 359 155 411 V.
173 359 200 409 C.
219 357 364 424 Pompeio,
388 357 420 420 Q.
432 355 578 409 verannio
593 371 663 408 coss.
679 362 791 422 pactum
805 359 882 414 inter

67 429 217 484 Claudium
229 425 439 494 etdgrippinam
447 425 655 476 matrimonium
668 427 723 476 inm
731 425 814 488 sama,
825 429 882 484 iam

67 497 462 550 amoreinlicitoiirmabatur:
475 494 747 547 necdumcelcbrure
754 497 883 552 solennia

69 569 232 634 nuptiarum
243 563 394 625 audebant,
414 563 493 614 nulio
504 563 634 630 oxenrplo
645 565 783 616 deductas
793 567 823 616 in
833 566 881 620 do-

68 653 146 690 mum
158 636 253 702 patrui
265 632 452 684 fratristiiiuc.
464 633 727 698 Quinetincestum,
736 637 882 704 acsisper·

67 711 195 770 noratur,
207 719 244 768 nc
254 705 284 754 in
295 701 398 754 malum
409 701 551 772 publicum
563 707 882 772 erumperenmemetu·

68 781 124 827 tur.
147 773 208 826 Nec
224 779 290 824 ante
307 773 410 824 omissa
420 773 570 834 cunctatio,
584 788 667 841 quam
679 772 812 826 Vitellius
823 777 882 828 suis

68 847 178 898 artibus
193 843 223 894 id
237 840 453 910 perpetrandum
465 844 593 909 sumpsit
621 841 881 912 Percunctatusque

70 915 230 975 Caesarem,
241 927 277 966 an
287 910 367 963 iussis
378 909 526 978 Populi‚aa
538 912 703 965 auctoritati
714 911 832 966 Senatus
841 931 882 966 ce-

68 984 166 1036 deret?
184 983 231 1032 ubi
246 981 309 1044 illc,
320 996 402 1032 unrcm
412 996 439 1032 se
449 979 549 1032 uirium
558 989 586 1033 et
600 982 740 1035 consensui
749 982 881 1051 inparem,

68 1051 225 1119 respondit,
236 1049 356 1118 opperiri
365 1049 442 1102 intre
450 1049 588 1116 palatium
598 1052 684 1102 iubet.
702 1053 761 1119 ipse
772 1055 881 1105 curiam

70 1121 240 1189 ingreditur,
246 1133 437 1187 summamque
445 1119 543 1185 Remp.
551 1121 597 1186 agi
608 1120 759 1184 obtestans,
769 1124 882 1174 reniam

70 1189 184 1244 dicendi
195 1193 260 1240 anto
271 1187 342 1240 alios
354 1190 490 1256 exposcit,
502 1189 678 1258 orditurque:
700 1191 882 1244 Grauissimor

70 1259 215 1328 Principis
229 1257 345 1320 labores,
365 1257 530 1326 unicordem
546 1267 636 1311 terrae
646 1269 782 1328 caperrat,
801 1277 882 1330 egere

72 1326 254 1390 adruiuiculis,
275 1335 307 1378 ut
326 1326 471 1380 domestica
486 1344 554 1379 eura
567 1344 676 1392 nocuus,
696 1329 726 1383 in
745 1346 883 1384 eornmune

71 1401 206 1452 consulat.
219 1397 296 1464 quod
306 1413 389 1464 porra
399 1395 539 1449 honestius
550 1395 695 1450 Censoriae
705 1399 803 1451 mentis
812 1401 883 1450 iera-

71 1485 141 1532 men,
160 1482 244 1538 quom
256 1465 396 1520 adsumere
414 1466 569 1535 coniugem,
585 1467 724 1535 prosperis
743 1465 883 1536 camoque

71 1538 190 1592 sociam:
209 1536 254 1588 cui
268 1536 448 1605 cogitationes
467 1534 590 1598 iectisnus,
611 1536 656 1587 cui
672 1552 771 1603 parcas
786 1535 884 1588 tideros

48 1606 52 1610 ’
70 1609 178 1669 tradat,
197 1622 250 1659 nou
264 1602 344 1658 luxui
356 1613 407 1659 aut
421 1602 607 1675 uoluptatibus
629 1604 820 1677 adrcsesactus,
838 1605 886 1658 sed

71 1678 120 1750 qui
126 1675 219 1747 prima
229 1674 263 1727 ab
273 1676 384 1727 iuuenta
394 1674 497 1743 legibus
508 1673 752 1741 obtemperavisset.

125 1748 175 1801 vl.
190 1746 341 1813 Postquam
352 1744 422 1796 haec
433 1743 581 1796 favorabili
591 1746 719 1797 oratione
730 1745 884 1813 praemisit,

71 1816 218 1884 multaque
229 1815 343 1867 Panum
354 1812 512 1866 adsentatio
526 1816 711 1881 sequebatur3
732 1821 813 1883 capto
824 1830 885 1867 rur-

71 1902 121 1939 sus
130 1886 222 1947 initio,
234 1883 347 1949 Quando
358 1883 543 1937 maritandum
553 1883 710 1952 Principem
720 1884 813 1939 cuncti
821 1900 884 1937 sua-

72 1958 177 2018 derent,
188 1954 271 2024 deligi
281 1962 405 2021 oportere
410 1952 547 2025 feminam
556 1953 706 2018 aedilitate,
719 1954 885 2023 puerperiis,

71 2023 252 2080 sanctimonio
271 2022 415 2093 insignem.
451 2020 507 2075 Nee
527 2022 574 2075 diu
592 2024 801 2091 anquirendum,
819 2024 886 2093 quin

72 2092 232 2170 Agrippina
247 2092 410 2145 claritudine
421 2092 532 2161 generis
545 2093 679 2146 anteiret:
698 2095 792 2148 datum
806 2095 840 2145 ad
852 2108 885 2145 eu

73 2162 255 2235 fecunditatis
268 2160 495 2231 experimentum.-
514 2171 543 2215 et
555 2180 707 2233 congruere
721 2174 796 2217 artes
806 2161 886 2215 done-

72 2240 141 2288 stas.
177 2232 282 2286 Idrero
293 2229 448 2304 egregium,
463 2232 546 2301 quad,
561 2234 675 2301 prouisa
685 2232 785 2297 Deum,
803 2232 886 2284 uidua

73 2304 240 2373 iungeretur
249 2299 387 2369 Principi,
402 2300 452 2352 tua
462 2309 570 2353 tuntum
581 2302 755 2355 matrimonia
766 2310 886 2369 espertc.
931 2312 934 2324 ¹

73 2370 421 2439 audiuissecparentidus,
441 2369 632 2441 cidisser‘psos,
651 2372 744 2439 adripi
757 2373 891 2439 coniuges

74 2444 112 2495 ad
124 2442 205 2495 tiditu
225 2439 387 2493 Caesarum:
405 2442 505 2507 procul
516 2440 548 2492 id
559 2458 577 2493 a
586 2441 729 2509 praesenti
744 2438 886 2494 modestia.

74 2520 245 2565 statueretur
255 2511 335 2563 immo
346 2510 600 2577 documentumque
610 2527 721 2564 uxorem
731 2510 888 2579 Imperator

75 2582 219 2650 adciperet.
256 2579 295 2630 At
305 2578 383 2641 enim,
394 2593 465 2633 noca
475 2578 550 2631 nodis
559 2578 590 2635 in
598 2578 728 2652 fratrum
735 2580 815 2647 filias
825 2592 887 2630 con·

75 2650 162 2721 iugia.
191 2649 237 2720 red
246 2647 444 2717 aliisgentidus
455 2648 583 2713 solennia,
602 2664 651 2702 nec
660 2651 718 2718 lege
728 2642 887 2715 ultaproiei·
