2034 3025
146 101 199 156 ssu
214 101 366 170 sunan.
385 99 532 170 [ausu.
543 103 661 156 uass
672 104 953 174 susurrata]

149 183 953 203 '‘m—*W

145 209 216 260 riam
237 209 383 272 abscessit,
411 207 646 260 mortemeidii
666 209 766 277 Legati
787 226 903 266 ,vacuam
918 230 952 266 ac

128 277 199 329 ‘sibi
211 279 377 344 permissam.
451 331 453 342 ¹
708 291 732 325 .·

197 345 307 400 XXVll.
327 346 431 400 Eodem
448 360 535 408 anno,
563 360 597 398 ex
612 347 775 400 inlustribus
784 351 867 403 Asiae
877 353 953 406 urbi-

146 405 213 479 bus,
235 416 375 468 Laodicea
386 421 506 468 tremore
517 421 611 470 terrae
620 416 765 483 prolapsa,
787 418 953 481 nulloano·

147 488 189 536 bis
204 485 341 549 remedio,
367 485 486 552 propriis
502 485 599 550 opibus
616 485 744 536 revaluit.
779 483 952 552 Atin‘ltalia

147 560 227 606 retus
238 554 382 620 oppidum,
400 553 524 615 Puteoli,
546 555 592 604 ius
603 550 736 607 Coloniae
747 562 775 608 et
784 571 951 625 cognomen·

146 631 205 674 tum
222 623 361 680 aNerone
377 621 576 688 adipiscuntur.
611 623 747 676 Veterani
756 621 909 678 Tarentum
922 634 952 679 et

146 693 258 745 Antium
269 691 412 758 adscripti:
440 704 495 741 non
505 696 598 743 tamen
607 691 812 760 infrequentiae
823 695 951 748 locorum

146 761 309 823 subvenere,
329 760 442 828 dilapsis
453 759 578 826 pluribus
588 761 616 829 io
626 763 793 827 provincias,
811 765 952 832 inquibus

147 827 286 894 stipendia
295 828 484 894 expleverant:
512 844 602 896 neque
613 831 747 898 coniugiis
756 834 951 898 suscipiendis,

54 917 71 975 A·
147 911 236 964 nsque
247 897 353 948 alendis
364 897 459 949 liberis
470 899 552 960 sueti,
563 899 645 949 orbas
656 902 714 951 sine
725 904 845 966 posteris
851 902 950 952 domos

147 965 350 1032 relinquebant.
386 965 447 1018 Non
458 968 546 1029 enim,
567 974 600 1018 ut
609 967 688 1031 olim,
706 971 853 1022 universae
864 970 952 1038 legio·

38 1047 45 1058 ·
147 1050 196 1085 nes
212 1034 433 1098 deducebantur,
460 1051 523 1086 cum
538 1037 669 1088 Tribunis
683 1043 712 1090 et
725 1039 950 1103 Centuriunibus‚

148 1111 178 1154 et
188 1104 230 1154 sui
242 1105 372 1172 cuiusque
383 1106 488 1157 ordinis
503 1106 652 1170 militibus,
678 1113 711 1158 ut
721 1122 857 1160 consensu
867 1116 896 1161 et
907 1123 951 1160 ca·
999 1162 1005 1170 ,

146 1175 230 1223 ritate
243 1173 339 1240 Remp.
355 1173 508 1227 efficerent:
530 1175 580 1227 sed
590 1176 678 1243 ignoti
688 1177 814 1240 interae,
832 1177 950 1229 dirersis

147 1241 308 1308 manipulis,
343 1244 403 1294 sine
421 1248 547 1307 rectore,
581 1245 642 1296 sine
661 1242 816 1308 adfectibus
835 1247 950 1308 mutuis,

149 1311 228 1378 quasi
239 1325 275 1362 ex
284 1311 338 1363 alio
348 1327 451 1379 genere
460 1312 621 1364 mortalium
630 1320 747 1380 repente
756 1317 785 1367 in
794 1331 879 1368 unum
887 1329 951 1367 eon·

147 1380 228 1442 lecti3
246 1383 483 1449 numerusmagis,
502 1397 584 1450 quarn
597 1384 715 1436 colonia.
895 1392 899 1401 “

200 1449 329 1504 XXVlll.
348 1451 467 1508 Comitia
486 1450 666 1517 Praetcrum,
694 1455 811 1506 arbitrio
831 1450 951 1505 Senatus

122 1569 126 1575 .
148 1520 244 1581 haberi
255 1520 348 1585 solita,
366 1522 558 1590 quodacriore
568 1523 675 1574 ambitu
685 1529 857 1586 exarserant,
873 1522 952 1574 Prin·

149 1604 213 1657 ceps
224 1592 391 1657 composuit,
419 1592 482 1654 tris,
505 1592 552 1659 qui
563 1607 647 1659 supra
656 1608 802 1646 numerum
811 1592 954 1659 petebant,

147 1659 252 1727 legioni
277 1660 470 1725 praeficiendo
515 1661 786 1727 Auxitque'Patrum
807 1660 954 1723 bonorem,

149 1728 313 1791 statuendo,
342 1736 389 1791 ut,
415 1728 463 1793 qui
471 1743 489 1780 a
499 1727 618 1795 privatis
628 1729 761 1781 iudicibus
775 1729 812 1779 ad
821 1728 955 1781 Senatum

144 1795 374 1864 praesensissent,
392 1796 508 1847 &erdem
513 1796 645 1862 pecuniae
650 1796 802 1863 perieulum
811 1797 955 1866 facerent,

149 1881 210 1917 eum
224 1863 274 1928 s'r‘s,
301 1862 349 1931 qui
365 1864 562 1933 Imperatorem
577 1865 752 1931 adpellaoere.
787 1878 852 1915 nam
867 1871 956 1924 antea

148 1948 265 1985 vacuum
280 1934 309 1984 id
323 1934 499 1999 solutumque
515 1932 717 1997 poeuafuerat.
752 1932 822 1985 Fine
832 1932 955 1985 anniVi-

147 2004 210 2055 bius
221 2001 376 2064 Secundus,
393 2004 487 2069 Eques
497 2000 651 2066 Romanus,
669 2001 862 2054 accusantibus
872 2002 955 2054 Mau·

146 2074 201 2135 ris,
220 2069 437 2137 repetundarum
448 2070 611 2135 damnatur,
633 2076 717 2137 atque
726 2070 812 2123 ltalia
821 2072 955 2138 exigitur,

147 2141 185 2194 ne'
194 2140 323 2210 graviore
333 2153 423 2210 poena
433 2137 615 2204 adficeretur,
640 2141 717 2195 Vibii
726 2141 829 2208 Crispi,
848 2139 954 2203 fratris,

185 2212 246 2264 ibus
258 2210 361 2261 enisus.
734 2213 738 2219 ’

148 2225 183 2279 up
200 2276 301 2331 XXlX.
314 2276 447 2329 Caesonio
454 2276 553 2343 Paeto,
563 2277 696 2331 Petronio
702 2278 869 2345 Turpiliano
880 2292 953 2330 cosa

182 2348 238 2399 avis
249 2346 342 2399 clades
355 2348 383 2397 in
393 2348 540 2400 Britannia
554 2354 674 2415 accepta.
709 2348 741 2399 ln
751 2364 806 2415 qua
815 2362 908 2414 neque
917 2348 950 2398 A.

177 2417 249 2468 idius
259 2414 395 2483 Legatos,
413 2422 446 2468 ut
455 2420 615 2480 memoravi,
632 2417 685 2467 nisi
696 2423 779 2483 parta
786 2418 952 2479 retinuerat,

149 2492 178 2537 et
196 2499 340 2537 successor
352 2485 505 2549 Veranius,
532 2485 647 2537 modicis
666 2486 829 2537 excursibus
844 2483 953 2535 Siluras

37 2560 45 2569 ”
148 2554 312 2673 garrulatur,
335 2556 401 2622 quin
411 2555 487 2607 ultra
496 2555 598 2607 bellum
610 2554 762 2624 proterret,
788 2557 878 2605 morte
888 2565 952 2619 pro·

170 2625 254 2677 ibitus
272 2630 327 2677 est:
356 2638 470 2695 magns,
498 2624 564 2695 dum
583 2624 664 2688 vixit,
692 2624 851 2677 severitatis
866 2620 951 2687 fama,
