2034 3025
77 199 79 203 ,
134 133 241 201 rvuu
259 132 391 185 acere.
411 133 512 207 vrrs
531 135 612 187 cnr.
633 98 725 191 raro.
783 140 837 193 arr

39 209 839 231 „mm-„—

35 235 182 285 transac'ta
191 241 292 295 aestas,
301 236 390 301 sparsi
401 250 452 301 per
462 237 628 300 provinciam
636 240 752 303 numeri,
762 256 843 307 prae.

35 308 149 369 sumpta
160 304 233 369 apud
242 304 359 355 militem
369 304 445 354 illius
460 304 526 353 anni
537 306 626 371 quies,
647 307 728 358 tarda
739 316 766 360 et
777 323 840 361 con·

35 374 127 441 traria
140 372 244 423 bellum
258 371 435 435 inchoaturo,
456 378 484 423 et
497 372 637 441 plerisque
654 377 788 429 custodiri
798 392 841 429 su.

36 446 134 506 specta
153 442 245 507 potius
263 441 421 505 videbatur,
441 441 482 492 ir'e
497 441 604 492 obviam
619 444 770 495 discrimini
787 450 842 498 sta-

13 554 16 560 ,
36 510 107 559 tuit:
122 508 326 577 contractisque
337 509 478 577 legionum
487 510 597 561 vexillis
609 517 637 563 et
648 512 756 572 modica
766 516 842 565 auxi·

36 578 141 627 liorum
152 592 244 640 manu,
259 579 324 646 quia
332 579 361 629 in
371 579 612 646 aequunrdegredi
624 580 773 633 Ordovices
784 598 840 634 non

35 645 188 708 audebant,
208 647 267 712 ipse
281 652 346 698 aute
362 661 473 714 agmen,
494 663 547 715 quo
560 652 659 699 ceteris
671 664 721 715 par
732 652 841 703 animus

36 713 124 764 simili
138 714 263 781 periculo
279 720 366 777 esset,
386 717 476 767 erexit
488 718 584 773 aciem·
605 734 739 787 caesaque
754 734 841 787 prope

38 782 170 833 universa
184 789 275 851 gente,
295 799 350 835 uon
365 785 488 851 ignarus,
505 787 662 838 instandum
679 786 779 851 famae,
800 804 842 851 ac,

38 857 124 917 prout
133 854 223 918 prima
233 856 399 917 cessissent,
413 854 473 906 fore
484 857 623 920 universa3
643 856 756 909 Monam
767 860 843 910 insir-

36 921 106 982 lam,
116 936 133 971 a
143 923 219 972 cuius
230 924 402 990 possessione
413 930 572 976 revocatum
583 924 738 978 Paullinum
751 926 840 980 rebel-

36 988 114 1041 lione
123 993 210 1043 totius
219 992 391 1054 Britanniae,
411 1008 495 1059 supra
505 996 664 1058 memoravi,
676 997 801 1063 redigere
812 998 841 1049 in

37 1064 205 1124 potestatem
220 1062 313 1111 animo
328 1060 456 1111 intendit.
491 1060 556 1123 Sed,
570 1064 640 1111 utin
651 1064 741 1115 dubiis
752 1066 842 1115 consi-

36 1127 97 1189 liis,
115 1142 200 1179 naves
214 1127 342 1179 deerant:
362 1129 436 1178 ratio
447 1133 475 1180 et
485 1132 642 1180 constantia
653 1130 738 1183 Ducis
754 1142 842 1183 trans-

36 1197 120 1247 vexit.
152 1196 297 1262 Depositis
307 1198 434 1248 omnibus
445 1198 570 1261 sarcinis,
590 1199 753 1253 lectissimos
764 1202 841 1253 auri·

37 1266 158 1329 liarium,
168 1266 267 1334 quibus
279 1271 347 1317 nota
357 1267 436 1329 vada,
447 1272 475 1319 et
485 1271 592 1333 patrius
602 1270 687 1321 nandi
697 1286 773 1333 usus,
785 1285 840 1338 quo

35 1334 121 1384 simul
131 1350 215 1402 seque
226 1341 255 1387 et
264 1350 343 1387 arma
353 1340 382 1387 et
391 1351 476 1403 equos
486 1342 600 1403 regunt,
619 1340 658 1388 ita
673 1340 789 1405 repente
800 1342 841 1389 in-

35 1403 122 1469 misit,
132 1409 166 1454 ut
177 1404 361 1469 obstupefacti
371 1403 474 1466 hostes,
489 1407 536 1473 qui
548 1405 676 1469 classem,
689 1409 735 1474 qui
746 1421 841 1469 naves,

35 1473 84 1540 qui
104 1486 182 1524 mare
202 1474 407 1540 exspectabant,
426 1471 495 1525 nibil
515 1474 631 1525 arduum
647 1480 695 1526 aut
708 1475 838 1526 invictum

36 1541 206 1594 crediderint
215 1544 255 1593 sic
265 1542 300 1593 ad
309 1541 414 1593 bellum
425 1542 607 1594 venientibus.
643 1543 686 1593 lta
696 1545 783 1610 petita
793 1559 839 1609 pa·
881 1605 882 1612 ἵ

36 1625 77 1673 ce,
88 1624 121 1661 ac
131 1609 225 1662 dedita
234 1611 337 1672 insula,
357 1611 447 1661 clarus
457 1627 489 1662 ac
498 1625 614 1678 magnus
624 1610 718 1663 haberi
729 1613 840 1678 Agrico-

35 1679 77 1730 la:
96 1679 196 1746 quippe
207 1681 251 1732 cui
262 1679 427 1746 ingredienti
438 1681 620 1747 provinciam,
640 1680 713 1747 quod
729 1686 838 1746 tempus
885 1724 888 1733 ,

34 1749 84 1800 alii
90 1750 369 1814 perostentationcm,
379 1753 428 1800 aut
436 1749 589 1800 ciliciorum
596 1750 738 1811 ambitum,
749 1755 837 1799 trans-

33 1819 128 1884 igunt,
148 1818 229 1870 labor
238 1823 267 1870 et
276 1817 429 1884 periculum
437 1816 597 1883 placuisset.
633 1817 691 1868 Nec
700 1817 838 1883 Agricola,
870 1865 880 1874 ,

32 1889 220 1952 prosperitate
230 1902 323 1951 rerum
332 1889 361 1936 in
371 1886 521 1938 vanitatem
532 1901 612 1946 usus,
633 1885 836 1952 expeditionem

34 1961 83 2005 aut
94 1957 235 2006 victoriam
246 1956 371 2018 vocabat,
389 1955 475 2005 victos
486 1956 666 2005 continuisse:
685 1970 719 2005 nc
730 1954 837 2016 laurea-

32 2025 71 2073 tis
88 2024 199 2091 quidem
215 2030 294 2090 gesta
309 2029 473 2088 prosecutus
484 2029 535 2075 est.
553 2022 603 2074 sed
614 2025 673 2090 ipsu
683 2023 836 2074 dissimula-

34 2094 112 2142 tione
121 2091 211 2142 famae
222 2092 322 2142 faniam
333 2093 419 2150 auxit,
439 2093 662 2156 aestimantibus,
682 2098 785 2162 quanta
796 2091 837 2144 fu·
864 2125 868 2132 -
898 2088 904 2094 ”

33 2161 93 2222 turi
103 2173 152 2225 spe
161 2166 217 2211 tam
229 2174 328 2226 magna
337 2163 479 2222 tacuisset.

94 2229 170 2280 xlx
190 2230 319 2280 Ceterum
330 2231 485 2294 animorum
497 2231 654 2297 provinciae
664 2231 791 2294 prudens,
802 2233 837 2280 si·

33 2297 147 2364 mulque
157 2297 254 2348 doctus
262 2312 312 2363 per
321 2298 413 2348 aliena
424 2300 621 2365 experimenta,
632 2313 728 2364 parum
739 2300 836 2364 prolici

33 2367 127 2427 aruris,
142 2367 167 2416 si
176 2368 294 2418 iniuriae
304 2371 494 2435 sequerentur,
515 2381 624 2419 caussas
634 2366 770 2418 bellorum
780 2374 835 2419 sta-

31 2438 89 2490 tuit
105 2436 241 2488 excidere.
274 2437 338 2488 Ace
353 2437 466 2503 suisque
480 2451 570 2497 orsus,
589 2429 706 2503 primam
724 2435 835 2500 domum

32 2521 112 2559 suam
128 2507 267 2569 coercuit3
287 2504 361 2573 quod
377 2505 516 2574 plerisque
533 2504 605 2556 haud
617 2506 707 2554 minus
719 2503 834 2554 arduum

32 2582 85 2640 est,
97 2589 180 2642 quam
191 2576 360 2641 provinciam
371 2590 477 2642 regere.
513 2576 601 2641 Agere
613 2572 682 2625 nihil
696 2588 745 2640 per
753 2573 837 2626 libcr-

31 2653 79 2700 tos
90 2659 240 2715 servosque
249 2644 377 2718 publicae
388 2645 443 2700 rei:
462 2659 517 2698 non
528 2643 629 2697 studiis
639 2645 766 2715 privatis,
786 2659 836 2696 nee
