2034 3025
73 79 76 86 ’
174 111 291 166 mur.
313 106 804 180 cnr.ur.[s.r.7c7.s.c.n.1
877 110 895 160 r

85 217 163 271 Nihil
174 216 211 267 de
222 228 256 266 ee
267 228 298 265 re
308 212 438 263 'liberius
453 213 526 279 apud
537 210 668 263 Senatm
685 212 828 264 disseruit:
849 226 895 279 ps·
968 263 974 274 ‚

84 288 137 338 tris
148 288 226 335 iussa
234 282 397 344 simulabat,
416 282 514 349 quibus
524 282 749 347 praescripsisset
758 282 895 344 Tribuoo,

86 354 231 407 custodiae
247 352 384 417 apposito,
403 366 436 400 ne
449 347 789 416 centenariorum
808 359 894 401 morte

84 422 214 489 afficere,
233 420 390 487 querelisque
406 416 461 485 ipre
479 434 632 485 supremum
663 418 893 485 rrmrxplerisset.

84 492 178 543 Multa
189 492 250 539 sine
263 488 347 538 dubio
357 502 493 554 saevaque
499 488 606 553 August
611 501 639 535 us
650 486 685 537 de
695 487 818 537 moribus
827 488 894 537 edo·

83 560 216 616 lesoentis
236 562 360 623 questus,
379 562 412 605 ut
427 556 553 605 exsilium
569 557 629 605 eius
644 552 893 607 senatusconsulto

82 630 257 686 sanciretur,
277 624 445 690 perfecerat:
466 630 590 682 ceterum
608 625 636 673 in
652 623 756 673 nullius
771 638 893 692 unquam

81 710 200 749 suorum
210 708 309 745 necem
320 693 442 754 durarit3
458 707 547 759 neque
559 696 676 743 mortem
687 694 781 757 nepoti
791 708 842 759 pro
852 708 894 745 se·

82 767 204 818 curitate
228 761 347 829 privigni
366 761 496 823 inlatam,
525 760 657 814 credibile
681 768 750 813 erat.
778 762 894 829 propios

80 849 157 896 vero,
177 831 324 883 Tiberium
334 844 368 881 ao
378 830 495 892 Liviam,
515 830 596 879 illurn
613 834 697 891 metu,
717 828 894 883 baoenorer-

81 903 191 954 colibus
204 900 291 963 odiis,
310 900 430 964 suspecti
446 904 476 949 et
486 899 565 948 incisi
577 900 683 948 iuvenis
694 899 805 951 caedem
817 899 894 951 lesti-

82 973 203 1022 navissc.
241 968 386 1019 Nuntianti
399 968 564 1031 centurioni,
585 973 684 1017 utmos
699 968 829 1030 militiae,
842 968 894 1041 se·

80 1051 156 1091 ctum
168 1054 234 1099 esse,
254 1036 325 1103 quod
333 1035 505 1103 imperasset:
526 1052 609 1103 neque
623 1034 845 1103 irnpernrresere,
865 1044 894 1088 et

79 1107 221 1159 rationem
236 1104 314 1176 facti
323 1104 482 1156 reddendam
493 1104 569 1172 apud
578 1104 705 1155 Senatum
711 1140 720 1166 ,
740 1105 892 1171 respondit.

82 1176 168 1239 Quod
183 1180 332 1240 postquam
344 1173 495 1225 Sallustius
507 1174 633 1239 crispus,
651 1175 787 1240 particeps
802 1190 893 1227 seere-

82 1251 191 1307 torum,
213 1244 249 1304 (is
261 1242 295 1295 ad
305 1243 461 1293 Tribunum
473 1244 587 1295 miserat
597 1242 762 1305 codicillos)
783 1256 893 1310 compe·

82 1317 137 1375 rit3
158 1316 296 1373 metuens,
319 1324 353 1361 ne
363 1325 426 1361 rcus
441 1310 615 1373 subderetur,
634 1312 713 1363 iusta
728 1312 895 1379 periculoso,

83 1383 152 1435 ficta
163 1391 215 1431 seu
224 1394 294 1430 vera
304 1386 457 1444 promeret,
477 1382 585 1430 monuit
595 1380 718 1442 Liviam,
737 1397 771 1432 ne
789 1396 894 1433 arcane

83 1450 191 1512 domur,
206 1447 361 1500 reconcilia
371 1446 532 1512 amicorum,
551 1444 703 1501 rnim'sterr'a
713 1448 829 1500 utilitum
839 1450 895 1500 rul-

81 1525 238 1588 gerentur:
257 1533 321 1568 uere
339 1514 465 1570 Tiberius
482 1517 536 1568 eim
551 1517 728 1583 principatus
742 1515 895 1580 resolveret,

83 1595 185 1638 cuncta
196 1583 371 1638 adserentem
382 1587 512 1638 vocando.-
526 1601 584 1636 enm
595 1585 772 1636 conditionem
782 1600 838 1636 erre
847 1585 896 1636 im·

80 1654 327 1774 perabductum
337 1653 419 1706 aliter
433 1654 507 1708 ratio
517 1662 635 1718 constet,
654 1653 895 1723 quurnsiunr'red·

103 1732 179 1776 atur,

103 1833 105 1836 .
138 1791 199 1843 Vll.
227 1790 469 1844 AtRomaeruere
483 1792 512 1843 in
526 1794 668 1844 servitium
680 1793 828 1856 Consules,
842 1793 895 1845 Pa·

84 1868 154 1923 tres,
163 1862 270 1928 Eques;
294 1866 396 1928 quanto
407 1862 468 1928 quis
479 1862 631 1924 inlustrior,
642 1868 720 1913 tanto
730 1864 819 1929 magis
829 1860 895 1912 falsi

85 1943 120 1980 ac
130 1929 306 1990 festinantes,
323 1931 458 1996 vultuque
469 1932 638 1997 composito,
653 1947 687 1982 ne
702 1932 769 1984 laeti
780 1925 895 1982 excessu

84 1998 233 2065 Principis,
253 2013 308 2048 neu
328 2001 466 2070 tristiores
486 2001 648 2066 primordio,
668 2001 810 2064 lacrimas,
829 2015 895 2066 gau·

86 2067 179 2130 dium,
201 2071 327 2134 questus,
338 2067 523 2130 ,adulationes
540 2070 701 2121 miscebant.
739 2070 802 2122 Sex.
813 2068 895 2120 Pom·

86 2137 209 2202 peiuset
219 2133 281 2186 Sex.
292 2137 441 2202 Appuleius
453 2138 529 2188 Coss.
546 2138 627 2204 primi
642 2141 671 2189 in
686 2140 772 2190 rerba
787 2137 894 2190 Tiberii

87 2205 216 2256 Caesaris
230 2205 369 2257 iuraverex
389 2206 518 2274 apudque
536 2221 584 2258 eos
599 2206 679 2259 Seius
693 2207 795 2260 Strabo
816 2213 846 2258 et
861 2208 892 2257 G.

86 2273 258 2337 Turranius,
278 2273 327 2344 ille
341 2276 546 2340 praetoriarum
560 2275 715 2328 cohortium
726 2276 895 2344 praelectus,

85 2339 133 2392 hic
142 2347 283 2393 annonae:
294 2357 359 2395 mox
368 2342 496 2406 Senatus,
507 2346 642 2414 milesque
652 2351 681 2398 et
689 2346 817 2412 populus.
828 2355 893 2395 narn

71 2411 217 2462 Tiberius
232 2417 332 2463 cuncta
351 2428 401 2479 per
416 2413 550 2465 Consules
569 2416 730 2481 incipiebat,
750 2421 894 2478 tamqnam

85 2485 183 2532 vetere
192 2495 223 2532 re
233 2480 344 2547 publica
353 2487 381 2534 et
390 2475 535 2550 ambiguus
545 2483 707 2549 imperandi.
726 2499 762 2534 ne
773 2482 895 2532 edictum
973 2501 980 2508 ’

86 2549 213 2616 quidem,
234 2563 288 2617 quo
299 2550 395 2603 Patres
405 2553 434 2602 in
445 2553 549 2620 cupiam
559 2552 688 2612 vocabat,
702 2551 757 2600 nisi
766 2547 895 2596 Tribuni·

86 2621 145 2673 siae
156 2619 303 2705 potestatis
313 2623 529 2690 praescriptione
539 2623 643 2689 posuit,
654 2621 705 2671 sub
715 2616 840 2681 Augusto
851 2625 894 2661 uo·
