2034 3025
159 119 212 177 stt
278 120 505 173 nnnnmvm
525 119 684 188 [s.v..s15.·
699 122 843 190 nasa]

157 218 236 282 ¹uobis
255 217 431 270 auctoritatis
450 225 503 278 est,
533 215 633 266 crebris
648 214 907 267 contradictionibus
923 219 967 270 de-

159 287 316 340 struendum
336 302 389 337 non
405 283 606 346 existimabam,
635 293 667 335 ut
684 292 804 335 rnaneret
818 283 967 353 integrum,

135 397 138 403 ,
159 355 184 407 si
204 356 309 420 assando
324 352 486 420 Respublica
502 351 621 403 consiliis
635 352 761 421 eguisset.
798 353 869 419 quod
886 353 966 406 bodie

159 423 260 486 euenit,
284 419 428 474 Consulari
436 421 494 472 aira
505 420 575 471 domi
584 437 649 472 suae
658 421 817 492 interfecto,
841 436 889 486 per
899 423 967 475 insi·

158 492 219 543 dias
229 492 345 554 serviles,
361 505 427 558 quas
438 505 513 542 nemo
520 488 663 556 probibuit
672 500 723 540 aret
728 489 861 556 prodidit,
872 507 966 556 quam·
989 552 997 558 ,

110 611 113 618 ,
156 559 198 612 cis
209 561 324 612 nondum
330 564 455 611 concusso
463 559 579 611 Senatus
590 561 719 621 consulto,
730 554 965 625 quodsnpplicium

157 629 213 681 'sort
217 628 346 700 familiae
355 629 545 680 minitabatur.
581 625 726 679 Decernite
739 627 847 678 bercule
857 628 966 694 inpuni-

159 705 254 749 tatem.
290 697 341 758 Ar,
365 714 441 766 qreem
451 697 632 768 dignitassua
642 697 781 768 desendet,
805 713 866 746 curn
877 692 970 748 Prae«

152 767 269 840 sectura
280 765 354 818 urbis
365 784 417 818 nan
424 763 585 838 profuerit?
602 781 679 832 quem
689 775 815 816 nurnerns
825 780 966 818 servorum

159 833 295 898 tuebitur,
314 850 373 896 curn
384 833 536 886 Pedanium
549 833 697 892 Secundum
708 834 902 901 quadringenti
911 851 965 887 non

155 904 345 972 protexerint?
366 901 615 975 caifantiliaopem
641 912 706 965 eret,
730 920 841 970 qrsaene
851 903 880 954 in
890 913 965 954 metu

158 971 263 1037 quidem
270 971 394 1040 pericula
406 969 499 1023 noitra
510 971 624 1022 avertit.
649 971 702 1033 An,
716 981 750 1032 ut
758 971 964 1158 qnidapynge·

158 1055 187 1090 re
198 1056 249 1092 non
260 1041 433 1105 erubescunt,
447 1041 566 1093 iniurias
576 1055 638 1096 snas
649 1043 723 1092 altus
733 1049 772 1090 est
781 1039 855 1091 inter
871 1042 965 1104 ector?

158 1109 224 1177 quia
234 1110 264 1161 de
270 1117 389 1177 paterna
398 1109 516 1176 pecunia
528 1117 714 1178 transegerat,
724 1109 839 1160 autaait
858 1120 965 1167 tnman·

157 1177 257 1244 cipiunt
268 1179 478 1230 detraleebatur.²
500 1175 811 1242 Pronuntiemusultro,
828 1177 966 1230 &asinum

156 1245 217 1298 inre
227 1261 333 1312 caesum
342 1248 435 1298 videri.
470 1246 478 1254 '

110 1357 120 1362 -
155 1379 164 1386 ἦ
210 1315 307 1368 XLIV.
325 1315 406 1368 Libet
425 1324 589 1386 nrgstmenta
607 1316 764 1381 eonqnirere
778 1315 808 1367 s'n
823 1331 865 1378 eo,
892 1316 966 1382 quod

156 1382 365 1453 sapientioribus
371 1385 548 1448 deliberatum
554 1384 616 1436 esti·
624 1384 678 1434 Sed
686 1395 722 1448 et,
732 1385 756 1435 si
766 1402 836 1436 nunc
842 1385 965 1449 primum

156 1455 329 1506 statuendum
350 1455 525 1515 baberemus5
551 1453 708 1516 creditisne,
736 1469 840 1505 savum
859 1452 965 1523 interfi-

156 1524 244 1576 ciendi
258 1524 358 1577 domini
373 1525 492 1580 animum
507 1524 661 1591 sumpsisse,
676 1534 723 1585 ‚ut
735 1537 788 1575 non
803 1539 855 1573 oon
869 1523 965 1575 minax

156 1593 310 1654 excideret?
326 1594 395 1659 nibil
402 1612 452 1661 per
464 1593 643 1646 tenacitatem
650 1592 875 1666 proloqueretur?
890 1591 964 1643 Sane

157 1661 297 1713 consilinm
308 1663 438 1724 occuluit,
457 1659 540 1714 telum
549 1663 623 1714 inter
632 1661 747 1732 ignaros
751 1661 880 1727 pararit:
899 1677 965 1712 num

153 1730 282 1803 ¹encteltias
294 1732 442 1795 transiret,
473 1730 589 1782 cubiculi
592 1732 673 1801 flores
683 1731 847 1793 recluderet,
874 1731 965 1781 lumett

155 1797 287 1868 inferret,
314 1801 419 1850 caedem
426 1808 571 1866 patraret,
600 1798 719 1851 ominbus
729 1799 842 1851 nesciis?
869 1797 964 1849 Multa

157 1868 263 1919 sceleris
274 1868 374 1919 indicia
381 1867 572 1935 praeveniunt⁴
609 1868 687 1919 Serri
697 1867 721 1919 si
726 1869 856 1939 produnt,
869 1882 964 1934 possa·

156 1950 214 1991 mus
224 1936 328 2005 singuli
335 1936 407 1988 inter
413 1940 506 2005 plures
511 1972 520 1998 ,
544 1937 600 1990 tnti
608 1937 682 1989 inter
691 1937 808 1998 ann-ios,v
814 1945 964 2003 postrema,

156 2004 181 2054 si
186 2006 346 2075 pereundem
357 2005 403 2070 sit,
423 2024 475 2058 non
485 2006 571 2061 inulti,
576 2006 650 2058 inter
659 2016 883 2073 nocentcsagere.
913 2004 964 2054 Su·

156 2074 400 2141 spectarnaioribns
411 2074 866 2146 nostrisfuereissgeniaseraornm,
877 2073 964 2124 etiam

157 2158 217 2195 cum
226 2143 255 2194 in
266 2144 341 2206 naris
352 2155 401 2196 aut
412 2144 531 2197 domibus
540 2144 635 2195 iisdem
645 2153 837 2206 nascerentur,
859 2141 963 2193 carita·

100 2255 103 2261 .
158 2221 266 2283 temque,
273 2214 438 2265 dorrdnornm
448 2214 545 2284 statim
555 2213 715 2285 acciperent.
738 2212 888 2277 Postquam
899 2226 962 2261 sero

156 2281 280 2333 nationes
290 2282 317 2333 in
322 2282 441 2353 solstitiis
451 2280 587 2344 babemus,
605 2282 699 2355 quibus
711 2282 811 2335 diversi
819 2280 900 2343 ritus,
918 2295 963 2329 ex·

158 2356 236 2401 terna
248 2365 337 2411 sacra,
356 2360 406 2401 ant
415 2353 491 2402 nulla
502 2360 578 2412 ssent,
593 2351 741 2404 conluviem
751 2351 834 2401 istam
844 2366 897 2401 non
906 2344 964 2398 nisi

156 2425 230 2479 metu
241 2418 398 2468 coercneris.
426 2418 465 2469 Ar
475 2416 585 2487 aradam
596 2420 713 2487 insontes
720 2418 859 2489 peribunt.
887 2414 963 2469 Naro

68 2506 70 2510 ·
157 2493 184 2537 st
195 2485 301 2556 exfieso
312 2486 442 2548 exercitu,
452 2502 512 2537 cum
519 2486 634 2537 decimus
644 2485 961 2565 qnisquefustiseritun,

156 2554 241 2610 etiarn
260 2554 365 2605 strenui
385 2554 548 2606 sortiuntur.
584 2553 675 2606 Habet
692 2554 799 2619 aliquid
815 2572 849 2607 ex
867 2554 962 2619 iniquo

157 2638 232 2675 omne
242 2638 370 2689 rrragnnm
381 2624 542 2688 enernplum,
555 2672 558 2678 ,
571 2623 642 2688 qnod
650 2632 745 2693 contra
755 2624 875 2693 singulos
885 2622 962 2683 utili·

156 2690 500 2759 tatepublica‘rependitur
