2034 3025
103 137 177 193 LIB
187 137 223 191 ll.
236 135 320 189 cnl’.
333 133 455 189 39-41.
476 135 520 202 [A.
531 135 764 202 v.823.n·.c.70.]
807 136 843 188 ⁷9

47 247 102 299 erii
116 257 202 312 penes
213 243 355 294 Titianum
376 239 501 302 fratrem,
520 242 561 289 ris
574 254 607 289 ac
621 243 745 305 potestas
758 254 843 305 penes

69 315 184 368 oculum
202 311 387 364 Praefectum.
424 309 522 361 Celsus
541 315 570 360 et
590 309 749 371 Paulliuus,
779 324 844 360 cum

23 385 184 455 prudentia
203 397 300 438 eorum
321 394 402 432 nemo
418 383 555 440 uteretur,
571 379 648 428 inaai
659 380 770 429 nomine
786 379 845 429 Du-

24 471 105 517 cum,
117 453 227 506 alienae
237 451 335 516 eulpae
345 448 609 517 praetendebantur.
644 447 763 499 Tribuni
775 448 845 504 Cen-

24 525 215 588 turionesque
226 521 357 587 ambigui,
368 519 450 586 quod,
461 518 563 585 spretis
573 516 744 580 melioribus,
755 516 847 568 deter-

24 594 96 646 rimi
116 591 255 642 valebant.
292 589 373 639 miles
393 587 501 650 alaccr;
520 586 567 655 qui
587 591 682 638 tamen
701 588 778 639 iussa
787 587 846 638 Du·

27 677 96 714 cum
107 658 296 725 interpretari,
308 671 390 725 quam
401 658 524 724 exsequi,
539 655 644 708 mallet.
681 655 845 708 Promorerr

28 730 69 782 ad
80 735 211 797 quartum
222 743 240 778 a
250 726 386 778 Bedriaco
398 731 489 777 castra
500 725 620 792 placuit3
634 725 705 777 adeo
716 727 846 793 inperite,

29 805 67 850 ut
78 811 246 865 quamquam
255 811 341 848 verno
353 801 477 862 tempore
488 796 562 858 anni,
582 801 611 847 et
622 801 665 846 tot
674 797 778 847 circum
789 810 846 847 am·

29 869 127 930 nibus,
148 867 263 934 penuria
283 881 371 934 aquae
392 865 586 933 fatigarentur.
622 865 664 917 lbi
684 865 718 918 de
738 865 845 933 proelio
927 901 930 906 -

30 937 208 991 dubitatum:
229 935 340 989 Otlione
356 950 406 1002 per
420 933 530 986 litteras
544 934 700 1003 flagitante,
713 942 747 986 at
757 940 845 986 matu·
929 964 932 968 -

30 1012 146 1070 rurant,
166 1005 310 1068 militibus,
329 1012 361 1056 ut
371 1003 526 1071 Imperator
536 1019 646 1071 pugnae
657 1004 778 1069 adesset,
797 1019 847 1074 po·

32 1077 191 1129 sceirtibus:
212 1075 337 1143 plerique
351 1075 445 1141 copias
461 1079 539 1124 trans
551 1072 655 1124 Padum
672 1080 786 1142 agentes
801 1089 853 1127 ιο·-

33 1146 88 1199 ciri
98 1145 285 1212 postulabant.
322 1142 380 1196 Nec
390 1142 505 1210 perinde
516 1141 661 1197 diiudicari
671 1143 847 1212 potestquid

34 1216 175 1282 optimum
187 1213 265 1268 factu
274 1213 374 1278 fuerit,
395 1229 476 1282 quam
490 1215 639 1282 pessimum
651 1212 751 1278 fuisse,
771 1212 847 1283 quod

35 1284 206 1338 factumest.

90 1353 150 1406 XL.
187 1351 249 1406 Non
259 1357 291 1404 ut
301 1352 336 1403 ad
347 1367 478 1419 pugnam,
489 1351 538 1404 sed
549 1353 585 1403 ad
594 1352 764 1414 bellandum,
785 1368 848 1420 pro·
913 1385 917 1392 ·

35 1423 116 1486 fecti,
127 1421 300 1474 conduentes
310 1420 379 1472 Padi
390 1427 418 1472 et
428 1421 543 1472 Adduae
553 1419 708 1485 fluminum,
726 1421 790 1474 XVI
808 1425 849 1473 in-

37 1493 76 1547 de
95 1491 213 1551 millium
233 1491 323 1558 spatio
343 1489 497 1554 distantes,
526 1491 668 1557 petebant.
717 1489 797 1544 Celso
819 1497 849 1545 et

39 1562 169 1617 Paullino
181 1561 374 1623 abnuentibus,
384 1558 496 1612 mimam
505 1560 605 1612 itiam
609 1560 724 1632 fessum,
734 1560 848 1615 sarcinis

35 1646 164 1705 gravent,
183 1628 387 1693 obiicerebosti,
405 1630 627 1694 nonadms'ssurc,
645 1630 850 1697 quomiuatex·
936 1665 938 1668 -

34 1701 156 1773 peditus,
166 1710 193 1753 et
203 1698 250 1753 es‘x
260 1709 380 1765 quatuor
390 1698 475 1752 millia
481 1715 611 1767 passuum
617 1715 788 1770 progressas,
799 1711 850 1754 aut

39 1770 230 1841 §recompositas
239 1770 268 1823 irs
279 1768 401 1839 agruim,
421 1776 472 1822 aut
486 1769 618 1838 dispersos
630 1779 657 1821 et
666 1772 767 1823 collum
775 1772 850 1824 moli·

41 1850 115 1895 entes
125 1842 329 1911 adgrederetur.
365 1842 494 1892 Titianus
509 1846 538 1891 et
549 1840 694 1904 Proculus,
703 1842 750 1894 ubi
762 1847 850 1893 consi·

41 1912 90 1964 liis
101 1913 289 1973 vincerentur,
309 1910 344 1961 ad
359 1912 402 1962 ius
417 1910 531 1977 Imperii
545 1910 711 1961 transibant.
745 1912 851 1965 Aderat

41 1994 109 2033 sarie
120 1982 189 2033 citus
200 1994 270 2049 equo
281 1979 402 2031 Numida
412 1995 472 2031 cum
485 1978 625 2030 atrocibus
637 1981 850 2050 mandatis-qui·
884 2009 891 2019 ·

42 2051 94 2102 bus
104 2050 186 2113 otho,
196 2050 334 2117 increpita
344 2046 452 2100 Ducum
462 2046 591 2117 segnitia,
601 2064 658 2100 rem
668 2048 851 2105 induerimus

43 2118 251 2182 mittiiubebat3
271 2133 356 2185 aeger
366 2134 445 2169 mora
455 2123 483 2168 et
493 2119 553 2183 spei
563 2118 714 2185 inpatiens.

96 2188 167 2239 XLl.
202 2188 306 2238 Eadem
318 2186 373 2250 die,
393 2186 429 2239 ad
439 2181 599 2251 Caecinam,
619 2190 696 2255 operi
707 2191 799 2256 pontis
810 2192 851 2241 in·

44 2262 159 2319 tentum,
170 2255 226 2307 duo
236 2255 442 2307 Praetoriarum
454 2254 609 2309 cohortium
621 2258 747 2322 Tribuni,
757 2260 850 2320 conlo-

45 2322 207 2394 quium'eius
219 2325 405 2391 postulantes,
424 2331 570 2389 venerunt.
604 2328 708 2381 Audire
717 2329 851 2381 conditio·
918 2377 921 2382 .

45 2397 94 2447 nes
105 2410 135 2447 ac
151 2396 268 2447 reddere
283 2396 413 2461 parabat,
433 2410 495 2448 curn
511 2397 675 2463 praecipites
690 2398 850 2465 explorato-

46 2463 334 2528 res,adessehostem,
354 2464 527 2538 nuntiavere.
562 2465 740 2533 Interruptus
751 2466 851 2518 Tribu-

46 2550 142 2587 nurum
152 2549 257 2587 sermo:
278 2549 366 2603 eoque
377 2537 514 2587 incertum
530 2534 597 2600 fuit,
616 2535 732 2588 insidias
742 2552 777 2588 an
788 2550 865 2602 pro·v

46 2602 189 2668 ditionem,
207 2603 253 2656 rel
263 2602 376 2671 aliquod
386 2603 532 2666 honestum
547 2604 694 2657 consilinm
705 2608 849 2671 coeptave-

49 2675 111 2727 rint
147 2674 404 2731 Caecinadimissis
412 2671 557 2741 Tribunis,
570 2676 850 2739 revectusincastra,
917 2711 924 2723 .
