2034 3025
110 124 191 177 ma.
201 124 224 175 1.
247 123 438 210 carmssm.
456 94 501 190 [Α.
511 124 544 175 v.
555 120 613 191 7⁶⁸·
631 122 770 190 acis]
813 122 849 177 aa

9 260 11 265 ,
43 218 146 289 induit,
165 224 367 291 militibusque,
386 230 418 275 ut
433 226 495 291 quis
508 226 589 289 inops
599 230 648 275 aut
662 226 785 288 sancius,
803 237 850 277 ra·

45 303 114 347 stem
135 299 164 347 et
183 293 311 345 semema
328 293 458 361 dilargita
479 299 531 345 est.
568 293 717 345 Traditi).
734 294 850 358 Plinius,

47 366 277 417 Germanicorum
287 360 424 414 bellorum
434 365 561 429 scriptor,
571 366 685 414 stetisse
695 362 768 428 apud
777 365 849 429 prin·

47 435 146 501 cipium
166 433 272 499 pontis,
291 432 389 483 laudes
408 422 437 483 dt
451 438 545 499 grates
558 433 680 484 reversis
693 432 850 498 legionibus
895 479 899 485 ,

46 502 203 555 habentem.
232 500 265 551 ld
271 501 377 553 Tiberii
388 502 510 553 animum
522 501 606 553 altius
614 501 785 568 penetrarit:
798 518 852 555 nora

46 570 113 625 enim
126 570 259 637 simplices
275 586 320 621 ees
333 574 430 634 caras,
447 588 494 623 acc
509 572 636 623 adversus
644 579 773 623 externos
783 570 854 621 mili·

47 650 98 693 tem
107 640 213 706 quaeri.
235 638 305 691 nibil
313 640 437 691 relictum
447 640 674 706 imperatoribus,
692 638 853 712 ubifemr'ae

47 710 196 776 mammolas
206 706 361 770 interviret,
368 708 449 775 signa
459 710 553 771 adeat,
562 709 737 776 lerffitioaem
748 716 835 763 tentet
840 724 853 768 ,·

47 787 184 843 tamquam
195 792 295 843 parum
306 777 445 828 eruditiore
447 776 541 846 filiam
552 774 626 829 ducis
633 777 746 847 gregali
755 777 853 830 babitu

46 846 238 917 circumferat,
254 846 451 911 Caesaremque
466 846 619 913 Caligulam
634 846 851 913 appellarineiit.
902 894 906 900 .
967 844 969 847 ⁴

44 915 176 981 potiorem
185 914 243 965 iam
252 916 327 981 apud
336 914 471 967 exercitur
481 914 676 985 Agrippinam,
692 919 853 985 quemlega-

46 992 99 1047 tes,
119 998 202 1051 quam
220 982 315 1035 daces:
334 1000 512 1050 corrmressam
530 1002 548 1037 a
561 986 674 1038 amliere
688 985 854 1047 seditionem,
954 1008 972 1022 ··

45 1054 89 1105 cai
103 1068 201 1107 nontam
211 1051 352 1121 Principia
371 1052 499 1105 obsistere
519 1071 573 1107 non
587 1053 714 1119 quiverit.
748 1050 860 1106 Acaen-'
878 1070 881 1075 ’

45 1122 131 1175 debat
146 1118 217 1173 baec
233 1123 421 1190 onerabatque
432 1121 563 1186 Seianus,
577 1124 679 1190 peritia
687 1138 798 1177 morum
807 1122 854 1185 Τῇ·

43 1192 116 1244 berii
132 1190 200 1241 odia
214 1191 243 1241 in
257 1192 371 1261 longum
386 1194 504 1257 iaciens,
522 1208 594 1261 quae
607 1192 788 1258 reconderet,
806 1204 854 1246 atie.
881 1190 885 1196 ’

48 1268 152 1329 ctaque
162 1267 314 1325 promeret.
709 1297 713 1301 <
735 1287 737 1296 v

97 1328 185 1381 LXX.
213 1331 251 1381 At
270 1329 452 1383 (alemanicus
471 1332 627 1399 legionum,
649 1346 718 1397 quas
737 1330 855 1399 navibus

44 1403 177 1461 vexerat,
187 1400 338 1451 secundam
349 1406 378 1453 et
387 1406 516 1468 quartam
527 1401 676 1463 decimam,
686 1401 789 1469 itinere
797 1406 855 1450 ter·
898 1443 900 1446 ,

43 1471 129 1523 restri
140 1467 173 1519 P.
183 1468 298 1521 Vitellio
315 1469 456 1523 ducendas
470 1470 574 1534 tradit,
594 1485 648 1536 quo
658 1470 748 1521 levior
759 1468 856 1520 classis

26 1561 29 1568 ’
42 1539 154 1591 vadoso
165 1539 235 1590 mari
244 1541 371 1602 innaret,
389 1542 435 1593 vel
444 1543 587 1606 reciproco
598 1539 712 1590 sideret.
747 1537 856 1589 Vitelli·

42 1626 77 1662 ns
93 1610 217 1676 primum
231 1609 286 1660 iter
294 1610 369 1661 sicca
379 1607 462 1661 humo
470 1614 523 1660 aut
531 1608 641 1660 modice
652 1605 801 1658 adlabente
812 1621 857 1658 ae·

42 1685 91 1732 stu
101 1678 230 1745 quietum
241 1676 350 1729 habuit:
366 1694 431 1730 mox
440 1679 560 1745 impulsu
570 1676 722 1744 aquilonis,
731 1675 813 1727 simul
822 1675 856 1725 si·

44 1747 113 1800 dere
126 1745 311 1814 aequinoctii,
324 1763 379 1815 quo
390 1751 510 1800 maxime
520 1749 652 1800 tumescit
662 1747 803 1809 Oceanus,
813 1760 857 1798 ra·

45 1820 71 1884 pi
82 1818 302 1884 agiqneagmen
322 1817 650 1888 etopplebanturterrae:
661 1816 760 1868 eadem
771 1812 856 1880 freto,

44 1887 136 1949 litori,
152 1885 258 1952 campis
269 1883 366 1938 facies:
377 1901 411 1937 ne
431 1901 466 1938 ue
477 1887 598 1938 discerni
606 1891 737 1952 poterant
747 1887 857 1939 incerta

45 1957 79 2008 ab
94 1954 209 2018 solidis,
228 1954 324 2016 brevia
339 1901 519 2020 aprolundis.
547 1961 709 2006 sternuntur
718 1950 856 2019 fluctibus,

45 2023 217 2077 hauriuntur
235 2025 392 2091 gurgitibus
411 2025 551 2088 iumenta,
574 2027 712 2078 sarcinae:
737 2037 856 2090 corpora

46 2095 180 2152 exarsima
194 2091 372 2157 interfluunt,
392 2100 548 2146 occursant.
567 2096 767 2160 permiscentur
780 2095 856 2151 inter

45 2178 75 2216 se
84 2163 238 2229 manipuli,
256 2162 341 2214 modo
351 2169 481 2239 pectore,
500 2163 584 2215 modo
595 2180 644 2216 ore
653 2170 734 2216 tenus
745 2169 855 2215 exstan·

46 2231 257 2301 tes,aliquando
266 2231 410 2285 subtracto
422 2234 482 2286 solo
494 2234 612 2310 disiqcti‚
622 2240 671 2284 aut
680 2232 781 2296 obruti.
797 2246 855 2283 non

45 2316 100 2354 rex
121 2308 153 2356 et
172 2301 262 2352 mutui
278 2299 407 2354 hortatus
421 2303 567 2367 iurabant,
587 2304 752 2354 adversante
766 2300 854 2351 undar

45 2371 118 2425 nibil
128 2377 261 2423 strenuus
271 2371 306 2422 ab
316 2374 427 2440 ignavo,
438 2375 549 2441 sapiens
559 2372 594 2424 ab
604 2371 782 2438 imprudenti,
792 2385 856 2423 con·

44 2443 109 2493 silia
132 2457 150 2492 a
168 2455 235 2492 casu
250 2439 377 2494 differre:
398 2449 498 2494 cuncta
512 2447 573 2510 pari
588 2440 856 2493 violentiassinrolre·
946 2454 949 2465 ¹

44 2510 161 2562 bantur.
200 2509 328 2562 Tandem
338 2509 467 2564 Vitellius
477 2513 506 2563 in
517 2511 637 2563 editiora
648 2511 750 2572 enisus,
757 2508 858 2560 eodem

46 2593 150 2648 agmen
160 2577 302 2631 subduxit.
321 2567 521 2648 pkrnoctavere
531 2583 591 2633 sine
600 2569 779 2636 utensilibus,
798 2573 858 2620 sine

45 2647 119 2718 igni,
138 2662 245 2716 magna
263 2663 328 2716 pars
343 2649 417 2704 nudo
432 2657 482 2703 aut
494 2651 617 2702 mulcato
632 2657 763 2712 corpore;
782 2632 857 2688 haud
