2034 3025
30 93 45 102 “
123 76 129 81 ”
159 101 211 157 aso
279 98 509 155 nun-nmvn
529 97 615 164 [nv.
630 101 688 155 ss.-
706 100 738 154 A.
751 101 883 170 cusq,

160 204 191 260 et
201 206 310 258 decima
318 205 458 272 legiones,
468 205 601 272 priorque
610 197 710 271 Sy‘riae
721 205 813 267 miles,
823 205 897 272 apud
903 207 971 258 Cor·

159 275 293 328 bulonem
303 279 460 325 manerent.
497 274 601 326 Cetera
612 288 645 324 ex
655 289 748 325 rerum
758 289 812 326 usu
823 277 971 331 sociarent

158 346 381 414 partirenturre.
416 341 472 394 Sed
484 357 574 408 neque
585 343 707 394 Corbulo
725 343 829 394 aemuli
839 345 969 409 patiens;

161 420 191 466 et
202 412 315 475 Paetus,
326 413 370 464 cui
380 412 452 462 satis
464 412 499 464 ad
510 411 630 478 gloriam
643 417 713 476 erat,
729 413 753 462 si
764 413 911 478 proximus
923 411 970 466 ha-

158 483 286 543 beretur,
301 480 477 548 despiciebat
487 485 579 548 gesto,
594 479 664 536 nihil
673 480 833 543 caedis-out
839 483 969 548 praedae,

159 559 309 618 usurpatas
321 549 426 615 nomine
441 549 641 602 tenerurbium
657 549 872 619 expugnationes
888 551 970 602 dicti·

159 628 238 672 taus:
256 617 399 670 retributa
410 618 534 687 seleges,
550 617 967 688 et,prounrbre1iegir‚liomu-

159 687 370 742 nunciatrictia
384 685 575 754 inperiturunr.
627 696 629 699 ’
786 735 789 740 .

212 752 274 810 Vll.
293 755 350 808 Sub
360 755 435 808 idem
446 763 556 826 tempus
567 759 656 824 legati
668 756 831 826 Vologesis,
851 774 922 825 quos
933 759 968 812 ad

160 825 321 894 Principem
331 827 433 879 missos
449 828 613 889 memoravi,
635 833 779 878 revertere
789 829 892 880 inriti:
911 830 969 882 bel-

158 897 275 963 lumque
294 895 438 962 propalam
459 901 600 962 sumptum
621 911 638 946 a
653 893 776 948 Parthis.
800 913 854 958 nee
861 897 968 950 Paetus

160 965 339 1027 detrectavit,
349 964 400 1015 sed
411 964 519 1016 duabus
529 965 698 1032 legionibus,
710 978 827 1031 quarum
838 974 967 1035 quartam

54 1042 58 1048 “
159 1033 350 1086 Funisulanus
366 1033 559 1085 Vettonianus
580 1047 614 1085 eo
631 1035 661 1085 in
678 1039 817 1100 tempore,
838 1037 967 1089 duodeci-

160 1116 236 1154 mam
247 1100 520 1165 CalaviusSabinus‚
536 1105 683 1170 regebant,
694 1104 855 1158 Armeniam
865 1107 966 1170 intrat,

131 1192 140 1200 ·
159 1172 239 1225 tristi
251 1171 353 1221 omine.
389 1170 461 1222 Nam
470 1172 501 1222 in
513 1176 694 1239 transgressu
703 1172 873 1238 Euphratis,
883 1190 966 1242 quern

159 1246 248 1309 ponte
265 1240 488 1301 transmittebat,
500 1239 587 1292 nulla
602 1241 696 1308 palam
707 1257 816 1308 caussa,
836 1245 981 1296 turbatus·

162 1323 262 1376 equus,
284 1309 332 1375 qui
343 1307 510 1359 consularia
520 1310 647 1378 insignia
655 1311 797 1378 gestabat,
816 1318 894 1364 retro
905 1327 967 1363 era-

74 1434 79 1441 ,
161 1381 209 1430 sit.
237 1377 407 1444 Hostiaque,
420 1380 966 1444 quaemuniebantur,bibernaoulisacl-

162 1449 284 1510 sistens,
305 1445 453 1498 semifacta
466 1461 553 1515 opera
569 1449 638 1519 fuga
651 1451 780 1518 perrupit
796 1465 882 1520 seque
893 1449 967 1501 vallo

162 1515 275 1570 extulit.
294 1523 325 1568 et
334 1517 393 1583 pila
402 1517 524 1589 militum
535 1532 641 1582 arsere,
656 1521 746 1588 magis
759 1522 864 1589 insigni
875 1518 968 1587 prodi·

161 1588 220 1655 gio,
237 1587 304 1654 quia
313 1584 436 1638 Parthus
446 1584 537 1639 hostis
552 1590 706 1642 missilibus
717 1590 783 1641 telis
796 1589 932 1641 decertat.

222 1656 297 1708 Vlll.
324 1656 458 1707 Ceterum
477 1655 591 1719 Paetus,
612 1659 716 1725 spretis
737 1659 893 1720 ominibus,
917 1672 969 1710 nec

161 1723 309 1777 dunrsatis
319 1724 439 1776 firmatis
449 1722 650 1785 hibernaculis,
668 1724 801 1775 nullorei
812 1724 967 1779 frumenta-

160 1794 222 1845 riae
232 1794 357 1860 prorisu,
368 1794 443 1860 rapit
454 1794 612 1845 exercitum
619 1795 698 1843 trans
709 1796 835 1843 montem
842 1794 968 1847 Taurum

160 1859 360 1943 reciperantis,
372 1868 405 1913 ut
414 1861 534 1922 ferebat,
549 1857 764 1929 Tigranocertis,
777 1864 968 1931 vastandisque

160 1930 326 2000 regionibus,
335 1937 401 1998 qaus
414 1927 528 1981 Corbulo
538 1928 664 1997 integrus
674 1928 813 1983 amburet.
837 1932 969 1999 Etcaptn

161 2000 451 2070 quaedamscastella:
470 1998 635 2065 gloriaeque
651 2004 686 2053 et
702 1999 824 2065 praedae
837 2002 969 2053 nonnihil

162 2073 284 2137 parturn,
295 2068 321 2119 si
331 2072 381 2134 aut
390 2067 510 2135 gloriam
522 2080 582 2117 curn
593 2068 687 2130 modo,
701 2076 750 2120 aut
760 2070 893 2137 praedam
904 2086 968 2123 eum

162 2152 238 2200 cura,
256 2134 410 2188 habuisset.
438 2135 619 2204 Longinquis'
632 2136 782 2190 itineribus
802 2154 967 2205 percursan-

63 2219 70 2231 ·
161 2207 212 2269 do,
230 2221 302 2275 quae
312 2204 436 2257 obtineri
450 2206 620 2273 nequibant3
639 2214 791 2275 corrupto,
808 2208 855 2275 qui
867 2214 966 2276 captus

160 2282 233 2339 erat,
248 2280 415 2339 commeatu,
435 2280 464 2325 et
473 2275 600 2328 instante
609 2278 666 2329 iarn
676 2275 778 2340 hieme,
795 2276 909 2330 reduxit
921 2294 965 2329 ex-

160 2346 289 2409 ercitum,
308 2344 521 2411 composuitque
532 2344 567 2396 ad
575 2346 724 2399 Caesarem
733 2347 860 2410 litteras,
882 2349 960 2415 quasi

161 2414 291 2467 coniecto
300 2413 386 2476 bello,
394 2414 490 2468 verbis
499 2416 667 2483 magnificis,
677 2432 772 2469 rerum
783 2432 891 2469 vacuas.

210 2484 259 2537 lx.
288 2483 546 2542 lnterimCorbulo
567 2500 709 2553 nunquam
728 2485 886 2553 neglectam
906 2486 959 2537 Eu·

160 2552 269 2619 phratis
290 2554 380 2620 ripam
400 2553 589 2606 crebrioribus
608 2556 757 2621 praesidiis
778 2554 896 2607 insedit:
922 2560 959 2615 et,

159 2638 195 2678 ue
209 2624 291 2694 ponti
307 2621 461 2679 iniicieudo
480 2621 703 2695 inpedimentum
717 2622 835 2679 hostiles
849 2628 958 2679 turmae
