2034 3025
106 130 210 185 ivan
227 126 363 183 lcnrc.
382 128 489 183 vrrs
507 130 723 185 crass-ar.
785 105 836 185 aar

45 238 158 306 discursu
172 234 338 301 complebat.
365 233 447 284 'Tum
461 234 604 298 Agricola,
623 244 772 302 superante
788 238 839 289 ho·

44 308 119 357 stium
129 304 320 366 multitudine,
337 303 452 365 veritus,
470 320 505 355 ne
517 304 600 355 simul
611 307 639 354 in
650 305 785 369 frontem,
803 307 852 356 si-·

44 375 96 425 mul
106 380 132 426 et
142 374 232 425 latera
242 386 354 423 suorum
366 377 548 439 pugnaretur,
558 372 676 424 diductis
688 373 839 439 ordinibus,
917 420 921 428 .

43 449 196 511 quamquam
209 442 363 507 porrectior
377 442 449 491 acies
467 437 562 491 futura
577 448 646 506 erat,
666 448 694 493 et
709 459 839 496 arcessen-

42 513 86 563 dm
96 512 216 579 plerique
225 509 342 578 legiones
352 510 706 578 admonebant,promptior
716 513 744 562 in
754 526 840 579 spem,

42 585 70 632 et
81 578 172 630 firmus
187 580 324 641 adversis,
343 578 456 630 dimisso
471 584 547 648 equo'
558 580 643 647 pedes
658 586 724 639 ante
738 580 841 633 vexilla

41 650 167 701 constitit.
743 680 750 684 -

90 716 212 769 XXXVl.
248 718 286 768 lic
294 717 384 785 primo
395 732 545 785 congressu
556 720 662 773 eminus
672 720 841 772 certabatur.

40 786 120 837 simul
145 788 314 849 constantia,
331 788 415 839 simul
438 794 500 839 arte
519 789 663 852 Britanni,
681 790 841 858 ingentibus

40 856 138 923 gladiis
153 862 182 909 et
195 858 324 908 brevibus
339 859 432 920 cetris,
451 859 567 909 missilia
585 866 603 908 l.
641 865 747 909 trorum
769 861 841 910 vita·

40 940 79 986 re,
94 925 136 976 vel
146 930 289 989 excutere,
307 932 392 994 etque
402 926 455 991 ipsi
465 942 591 994 magnam
620 930 655 978 im
666 928 786 980 telorum
797 942 842 979 su·

40 992 216 1060 perfundere:
235 996 325 1046 donec
334 994 461 1061 Agricola
470 997 700 1047 tresBatavorum
712 996 841 1049 cohortes

41 1079 73 1115 ac
86 1063 260 1134 Tungrorum
282 1062 351 1113 duas
369 1062 531 1113 cohortatus
542 1069 592 1125 est,
610 1070 642 1113 ut
661 1080 718 1115 rem
734 1065 769 1116 ad
783 1082 841 1117 mu·
860 1098 864 1102 -

40 1147 136 1183 crones
147 1146 180 1182 ac
194 1146 291 1181 manus
302 1130 482 1181 adducerent:
502 1132 576 1198 quod
590 1137 619 1182 et
628 1133 702 1198 ipsis,
720 1139 841 1187 vetusta·

40 1209 69 1251 te
79 1201 202 1263 militiae,
221 1202 411 1261 exercitatum,
430 1204 459 1252 ct
469 1198 593 1251 hostibus
605 1200 734 1266 inhabile,
756 1216 842 1269 parva

39 1275 119 1321 scuta
133 1275 162 1320 et
176 1281 303 1321 enormes
322 1269 431 1336 gladios
447 1270 616 1337 gerentibus.
652 1287 715 1322 nam
731 1272 842 1323 Britan·

40 1353 137 1389 norum
149 1337 234 1405 gladii
244 1340 304 1389 sine
314 1352 445 1389 mucrone
459 1338 634 1403 complexum
646 1354 794 1402 arnrorum,
814 1352 843 1392 es

39 1410 67 1457 in
78 1414 175 1472 aperto
184 1412 304 1473 pugnarn
315 1422 370 1457 non
381 1406 547 1457 tolerabant.
582 1408 683 1475 igitur,
703 1414 734 1459 ut
743 1409 843 1460 Batavi
914 1425 917 1431 ·

39 1476 154 1526 miscere
174 1475 259 1537 ictus,
277 1476 361 1529 ferire
383 1476 562 1539 umbonibus,
588 1491 639 1528 ora
660 1476 785 1541 foedare,
814 1482 843 1530 et

39 1546 135 1596 stratis
155 1545 202 1610 qui
221 1545 249 1594 in
268 1559 357 1611 aequo
378 1546 553 1608 obstiterant,
582 1548 688 1614 erigere
707 1548 735 1598 in
757 1547 842 1600 colles

38 1614 126 1664 aciem
139 1626 268 1678 coepere,
286 1619 395 1666 ceterae
406 1613 549 1674 cohortes,
568 1617 754 1668 aemulatione
764 1622 792 1668 et
802 1619 843 1668 in-

37 1688 104 1751 petu
115 1683 284 1743 conrmistae,
303 1683 442 1747 proximos
453 1696 576 1748 quosque
587 1684 710 1736 caedere.
746 1701 778 1736 ac
787 1687 844 1752 ple·

36 1755 117 1818 rique
127 1751 294 1812 semineces,
313 1755 362 1800 aut
371 1751 485 1818 integri,
504 1751 682 1804 testinatione
698 1754 843 1820 victorine,

36 1820 276 1888 relinquebantur.
327 1818 445 1871 interim
465 1821 588 1887 equitum
607 1816 716 1875 turmae
736 1823 844 1892 fugere,

36 1891 171 1942 covinarii
191 1890 314 1957 peditum
333 1904 364 1941 se
383 1889 491 1955 proelio
512 1891 654 1943 miscuere.
691 1898 732 1954 et,
750 1908 843 1960 quam·

36 1975 120 2028 quam
142 1964 281 2012 recentem
300 1963 436 2010 terrorem
456 1959 618 2022 intulerant,
637 1960 730 2012 densis
748 1969 843 2016 tamen

874 1641 884 1682 i

35 2030 161 2080 bostium
178 2029 333 2094 agminibus
347 2033 377 2080 ct
390 2027 583 2095 inaequalibus
597 2028 666 2081 loeis
677 2029 842 2084 haerebant:
862 2035 871 2051 '

34 2099 205 2164 minimeque
215 2098 352 2165 equestris
363 2113 396 2148 ea
405 2112 515 2165 pugnae
529 2097 614 2149 facies
630 2105 704 2164 crat,
724 2117 785 2152 cum
798 2117 843 2154 ae·

33 2181 85 2233 gre
102 2166 150 2215 diu
165 2170 282 2227 stantes,
300 2167 382 2216 simul
399 2182 535 2234 equorum
550 2170 710 2234 corporibus
726 2169 842 2235 inpelle·

31 2239 149 2297 rentur,
168 2249 201 2286 ac
215 2249 299 2300 saepe
312 2237 374 2302 vagi
384 2251 497 2298 currus,
515 2240 641 2288 exterriti
657 2241 716 2289 sine
726 2239 843 2290 rectori·

30 2306 86 2355 bus
98 2305 173 2370 equi,
192 2309 224 2355 ut
239 2319 375 2371 quemque
390 2304 511 2356 formido
524 2307 642 2368 tulerat,
660 2304 841 2370 transversos,

29 2379 81 2426 aut
92 2374 190 2423 obvios
204 2374 392 2425 incursabant.

84 2441 226 2494 XXXVII.
244 2444 283 2495 Et
292 2443 436 2506 Britanni,
455 2445 502 2510 qui
518 2443 607 2496 adbuc
621 2457 731 2512 pugnae
742 2457 836 2511 exper-

28 2511 313 2564 tessummacollium
324 2513 497 2575 insederant,
509 2519 538 2564 et
547 2515 718 2582 paucitatem
729 2519 838 2564 nostro·

26 2597 93 2633 rum
105 2583 186 2631 vacari
198 2582 377 2648 spernebant,
388 2581 505 2649 degredi
516 2583 671 2651 paullatim,
683 2588 712 2633 et
722 2583 838 2633 circum-

25 2655 72 2702 ire
84 2656 171 2717 terga
180 2653 348 2703 vincentium
361 2657 523 2720 coeperant:
544 2653 573 2701 ni
588 2652 616 2705 ld
631 2654 721 2720 ipsum
731 2651 837 2704 veritus
