2034 3025
141 118 487 188 manniam-ns.
524 135 803 206 [areensem]
837 139 873 193 oe

68 243 179 293 bantur.
227 237 329 301 Nocte,
347 253 402 306 que
420 231 644 304 proficiscebatur
663 240 750 307 legio,
767 241 872 292 relictis

16 323 24 330 ·
68 311 169 377 passim
188 309 307 374 ignibus,
335 322 399 374 pars
419 309 561 358 Taurinae
578 308 712 359 Coloniae
731 309 871 360 ambusta:

68 367 871 508 aliialii:lirllillililnli‘altilis?

67 516 143 567 meni
163 520 308 581 postquam
329 513 443 578 Alpibus
463 512 587 578 degressi
606 518 679 576 sunt,
697 514 871 564 seditiosissi-

67 580 633 650 musquisquesignaViennamferebant.
669 597 805 634 consensu
815 597 870 634 me·

67 653 167 704 liorum
178 650 328 718 compressi
338 654 367 701 et
377 649 449 716 legio
464 650 492 698 in
503 650 676 700 Britanniam
687 656 856 702 transvecta

120 719 228 778 lrxvu.
265 718 411 770 Proximus
426 717 540 770 Vitellio
555 733 571 770 e
585 719 737 771 Praetoriis
750 718 876 770 cohorti·

67 791 119 842 bus
138 793 231 839 metus
249 793 337 844 erat,x
354 787 475 854 separati
495 788 628 852 primum,
646 787 755 851 deinde,
774 788 870 838 addito
906 836 909 844 ,

67 857 199 909 honestae
210 856 348 908 missionis
357 857 517 919 lenimento,
526 871 605 908 arma
614 857 649 908 ad
660 859 799 909 Tribunos
804 870 870 907 suos

66 925 242 980 deferebant:
262 923 351 978 donee
366 931 473 977 motum
483 940 500 975 a
510 924 679 990 Vespasiano
695 927 798 978 bellum
811 940 869 976 cre·

67 995 218 1048 bresceret:
236 1001 309 1058 tum,
326 1000 468 1059 resumpta
492 993 606 1055 militia,
624 995 710 1045 robur
727 995 870 1047 Flaviana·

66 1079 129 1117 rum
139 1065 257 1129 partium
269 1062 357 1114 inere.
392 1061 488 1112 Prima
503 1061 678 1112 classicorum
693 1062 767 1130 legio
782 1065 810 1114 in
822 1063 871 1112 lli·
947 1107 950 1112 .

66 1135 193 1200 spaniam
202 1134 294 1192 missa,
303 1136 412 1197 utpace
421 1133 451 1180 et
460 1130 519 1180 otio
530 1131 699 1183 mitesceret:
717 1131 871 1183 Vndecima

66 1217 99 1253 ac
118 1203 236 1268 septima
253 1201 310 1250 suis
329 1198 452 1251 hibernis
472 1197 610 1249 redditae:
636 1199 869 1250 'l'ertiadecimani

66 1274 175 1322 struere
186 1267 389 1336 amphitheatra
397 1267 475 1318 vissei.
511 1280 574 1317 nam
585 1266 870 1328 Caecinacremonae,

65 1338 171 1392 ¹Valens
189 1337 345 1399 Bononiae,
373 1333 560 1402 spectaculum
580 1335 766 1400 gladiatorum
784 1335 870 1387 cdere

68 1406 215 1472 parabant:
233 1418 382 1471 numquam
394 1406 434 1454 ita
444 1402 479 1454 ad
490 1405 687 1454 curas-intento
698 1402 823 1466 Vitellio,
839 1409 871 1452 ut

66 1471 469 1540 voluptatnmobliviseeretur.
505 1473 542 1524 Et
552 1471 663 1539 quidem
674 1477 768 1539 partes
779 1471 870 1523 mode·
972 1495 979 1514 ι

67 1549 114 1594 ste
130 1542 309 1593 distraxeratz
327 1543 400 1607 apud
419 1542 538 1592 victores
553 1547 615 1591 orta
634 1541 742 1605 seditio,
761 1540 870 1591 ludicro

66 1612 155 1674 initio,
172 1612 361 1662 nisinumerus
373 1609 869 1678 caesorunninvidiambelloauxisset.
901 1611 904 1617 '

119 1678 244 1732 LXVlll.
281 1679 468 1731 Discubuernt
483 1678 613 1730 Vitellius
628 1678 729 1741 Ticini,
746 1676 870 1729 adhibito
895 1701 899 1708 ·
936 1700 939 1709 ·

67 1749 103 1801 ad
114 1748 362 1817 epules‘Verginio.
397 1748 496 1814 Legati
508 1746 689 1813 Tribunique,
702 1761 738 1799 ex
748 1746 871 1797 moribus

67 1820 282 1885 imperatorum,
301 1817 476 1870 severitatem
497 1811 686 1878 aemulantur,
702 1816 747 1869 ¹rel
764 1822 870 1881 tempe·

67 1889 145 1939 stivis
156 1888 285 1941 conviviis
295 1886 428 1954 gaudeat:
446 1884 562 1950 perinde
578 1883 659 1934 miles
669 1886 801 1948 intentus,
821 1890 871 1941 aut

65 1957 184 2009 licenter
195 1958 260 2023 agit.
292 1954 372 2021 Apud
381 1953 525 2004 Vitellium
537 1952 629 2003 omnia
638 1952 810 2019 indisposita,
829 1959 870 2006 te·

66 2024 200 2087 mulenta,
216 2023 366 2091 pervigiliis
385 2038 418 2074 ae
436 2020 669 2083 Bacchanalibus,
687 2037 768 2089 quam
790 2023 869 2075 disci·

65 2094 158 2160 plinae
170 2094 317 2155 etcastris,
336 2093 475 2158 propiora.
510 2090 600 2157 lgitur
609 2089 716 2148 duobus
725 2092 869 2155 militibus,

67 2161 158 2214 altero
173 2161 291 2227 legionis
306 2162 426 2227 quintae,
444 2157 535 2209 altero
549 2158 665 2224 eGallis
680 2162 869 2224 auxiliaribus,

66 2245 119 2299 per
128 2229 276 2291 lasciviam,
296 2230 330 2279 ad
350 2232 488 2279 certamen
506 2227 633 2278 luctandi
648 2231 778 2292 accensis,
796 2238 870 2295 post·

19 2344 22 2349 .
66 2315 149 2367 quam
160 2298 328 2364 legionarius
339 2295 503 2361 prociderat,
521 2296 673 2349 insultante
684 2297 776 2362 Gallo,
787 2304 815 2349 et
824 2299 869 2361 iis,

62 2369 160 2437 quiad
179 2365 357 2431 spectandum
374 2371 572 2428 convenerant,
589 2366 721 2417 instudia
740 2366 869 2429 diductis,

66 2435 337 2503 eruperelegionarii
354 2435 382 2483 in
394 2432 544 2500 perniciem
560 2434 735 2497 auxiliorum,
753 2436 868 2488 aeduae
996 2484 1006 2492 ,

67 2506 195 2559 cohortes
205 2502 378 2556 interfectae.
413 2502 576 2554 Remedium
586 2503 868 2554 tumultussuitallus
971 2557 974 2563 ,

65 2574 212 2626 tumultus.
257 2572 346 2640 pulvis
364 2572 461 2639 procul
481 2575 510 2623 et
529 2587 607 2623 arma
627 2571 868 2637 adspiciebantur:

67 2644 265 2696 conclamatum
276 2647 390 2709 repente
421 2638 497 2691 XIV
522 2641 661 2710 legionem,
677 2640 868 2704 omseitinere,
903 2693 914 2705 „
