2034 3025
54 97 151 154 uxu.
158 94 797 170 eoam[s.v.eo7.A.c.54.n.vsoes.u55.]
805 101 861 160 215

103 204 207 256 LXlll.
229 202 356 269 Namque
366 203 508 253 artissimo
519 203 595 253 inter
605 203 744 269 Europam
754 207 860 256 Asinus·

54 289 108 342 que
119 271 259 334 diuortio,
282 271 451 338 Byzantium
463 273 491 322 in
502 277 631 324 extrema
639 271 752 337 liuropa
760 287 861 339 posue·

53 359 84 395 re
95 343 215 404 Graeci,
240 341 356 407 quibus,
380 338 513 406 Pythium
523 342 680 408 Apollinem
691 340 862 394 consulenti·

53 414 119 472 bus,
137 409 185 461 ubi
205 410 351 462 conderent
365 407 472 462 urbemi
499 409 640 462 redditum
651 411 795 462 oraculum
806 417 861 476 eet,

51 487 218 550 quaererent
228 479 313 530 sedern
323 493 464 530 caecorum
477 479 560 538 terrie
569 480 718 532 adomm-
754 480 797 532 Ea
805 495 862 530 am·

52 554 124 618 bage
136 547 319 598 Chalcedonii
329 549 568 613 monstrabantur,
587 548 661 617 quod
673 552 784 616 priores
794 548 863 602 illue

50 619 174 680 adsueti,
186 618 316 682 praevisa
324 617 450 668 locorum
462 618 598 680 utilitate,
608 619 861 688 peioralegieseut.

51 689 166 755 Quippe
186 686 362 752 Byzantium
385 683 474 736 fertili
495 688 556 739 solo
576 687 753 757 fecundoque
773 690 862 753 uiuri3

52 759 119 826 quia
128 757 174 806 vis
185 756 305 822 piscium
315 756 476 818 innumera,
494 763 582 824 ponto
593 771 752 826 erumpens,
772 767 803 812 et
812 759 862 810 ob·

50 827 143 894 l-iqnis
152 825 254 874 subter
264 823 351 874 undas
361 826 438 876 saxis
449 829 603 890 exterrita,
625 829 730 880 omisso
740 828 861 881 alterius

50 896 150 950 litoris
160 892 259 954 flexu„
281 891 332 944 bos
346 893 382 944 ad
396 899 495 960 portus
506 893 643 948 defertur.
678 896 757 950 Vnde
768 899 861 966 primo

52 962 223 1033 quaestuosi
235 968 265 1012 et
275 961 415 1028 opulenti3
439 969 516 1028 post,
535 965 730 1031 magnitudine
741 981 861 1019 onerum

50 1028 190 1100 nr‘gente,
200 1027 286 1098 finem
297 1030 460 1082 unimodum
470 1033 604 1096 orabant,
622 1034 769 1088 adnitente
779 1036 861 1087 Prin·

51 1104 130 1168 nipe,
160 1101 209 1166 qui
225 1085 343 1151 Thracio
357 1099 567 1168 Bosporanoque
585 1102 652 1155 bello
666 1120 758 1158 reeens
770 1105 861 1177 fessos

51 1169 240 1236 marmorque
259 1169 365 1222 retulit.
400 1171 447 1222 lta
464 1171 575 1224 tributa
591 1171 622 1224 in
637 1173 862 1243 quinquennium

4 1289 9 1296 ,
52 1255 183 1292 remissa

106 1305 207 1360 LXlV.
226 1307 265 1358 Μ.
275 1309 372 1362 Asinio
383 1309 430 1360 ΜΕ
441 1309 529 1362 Acilio
540 1326 612 1363 coss.
622 1315 808 1367 mutationem
818 1326 862 1364 re·

53 1393 118 1430 rum
129 1379 160 1427 in
171 1376 297 1429 deterius
308 1378 452 1445 portendi,
470 1381 614 1446 cognitum
625 1388 669 1433 est
679 1383 786 1434 crebris
797 1396 862 1447 pro·

54 1447 152 1515 digiis.
189 1444 277 1515 Signa
293 1462 325 1497 uc
339 1450 465 1502 tentoria
479 1449 681 1515 militumigne
691 1449 808 1501 coelesti
819 1463 863 1498 er·

55 1532 131 1569 sere.
167 1516 296 1583 Fastigio
307 1518 438 1583 Capitolii
449 1532 566 1569 examen
576 1520 669 1583 apium
679 1518 792 1579 insedit.
815 1517 863 1569 Bi-

54 1586 166 1637 formes
177 1583 318 1637 hominum
329 1592 441 1653 partus,
465 1590 495 1637 et
504 1587 563 1635 suis
574 1585 664 1637 fetum
675 1585 783 1637 editum
789 1621 799 1649 ,
813 1586 863 1637 eui

55 1656 223 1721 aecipitrum
249 1671 359 1723 ungues
379 1656 522 1706 inessent..
560 1654 770 1710 Numerabatur
785 1656 863 1705 inter

56 1730 174 1777 ostenta
183 1724 344 1776 deminutus
353 1726 475 1777 omnium
486 1726 704 1793 magistratuum
715 1738 862 1788 numerus3

56 1795 234 1857 Quaestum,
246 1793 352 1857 Aedui,
365 1795 492 1846 Tribnno
503 1810 536 1846 ac
546 1796 681 1847 Praetor-e
692 1800 722 1847 et
731 1794 861 1859 Consule,

57 1877 164 1929 paucos
181 1864 258 1915 intra
271 1878 403 1926 menses,
417 1863 574 1916 defunctis..
603 1863 659 1916 Sed
668 1866 697 1915 in
708 1867 860 1931 praecipuo

54 1946 163 1997 pavore
172 1922 333 1999 Agrippina,
350 1948 450 1984 vocem.
458 1932 575 1997 Claudii,
593 1949 678 2001 quam
688 1934 860 1987 temulentus

54 2002 174 2063 iecerat,
186 2002 281 2073 fatale
290 2000 352 2065 sibi,
370 2011 401 2054 ut
412 2000 555 2073 coniugum
557 2001 676 2072 flagitia
681 2004 784 2077 ferret,
799 2002 861 2055 dria
930 2005 932 2008 ’

50 2070 184 2138 puniret,
197 2077 335 2140 metuens,
352 2086 438 2139 agere
447 2076 479 2123 et
486 2074 611 2124 celerare
620 2076 731 2136 statuit,
750 2073 861 2140 perdita

53 2142 135 2207 prius
150 2139 279 2191 Domitia
297 2140 423 2206 Lepida,
445 2142 628 2193 muliebribus
643 2145 764 2195 caussis:
793 2141 861 2210 quia

10 2254 12 2260 ,
53 2208 180 2275 Lepida,
194 2208 304 2260 minore
314 2210 438 2259 Antonia
448 2212 556 2276 genita,
575 2212 860 2278 avunculonugmto,

53 2280 229 2346 Agrippinae
241 2279 357 2329 sobrina
367 2279 458 2342 prior,
477 2293 509 2329 ae
521 2280 607 2342 Cnei,
618 2282 714 2331 mariti
726 2280 796 2340 eius,
814 2292 860 2330 ao·

54 2360 115 2411 ror,
129 2362 234 2413 rparem
244 2348 299 2397 sibi
310 2346 507 2399 claritudinem
518 2349 663 2400 credebat..
695 2362 748 2399 nec
757 2346 860 2410 forme,
933 2402 936 2407 ,
1001 2348 1007 2360 '

54 2423 148 2479 aetas,
167 2431 235 2481 opes
246 2416 364 2467 multum
374 2416 530 2479 distabant3
548 2423 579 2468 et
587 2425 708 2486 utraque
718 2415 859 2483 inpudica,
934 2440 940 2447 ·

52 2484 170 2537 infamis
177 2521 191 2547 ,,
203 2486 347 2547 violenta„
360 2484 434 2541 haud
444 2488 537 2550 minus
546 2488 624 2537 vitiis
635 2485 859 2546 aemulabantur,

54 2570 140 2622 quam
151 2556 245 2625 siqua
254 2569 289 2605 ex
299 2553 416 2605 fortuna
426 2565 563 2621 prospera
572 2560 750 2619 acceperant.
764 2552 859 2601 Enim·

54 2637 128 2676 vero
139 2627 285 2675 certamen
301 2624 488 2686 acerrimum„
511 2618 860 2693 amitapotins-anmater
912 2643 913 2646 =
945 2679 951 2687 .

607 2686 656 2736 §2
