2034 3025
195 134 413 190 ulshoevs
433 137 517 192 CAP.
536 138 577 191 31.
590 137 632 192 32.
763 142 814 195 325

35 240 75 289 ud
87 254 167 308 quos
180 240 346 291 adstrictum
358 245 387 288 et
397 237 570 298 conlectum,
600 242 630 287 et
640 236 751 302 singula
762 244 817 297 sta·

35 324 50 357 n
64 312 248 375 argumenta
257 304 438 367 eeaeludeas,
455 305 568 356 dicendi
578 318 666 371 genus
678 306 740 370 plus
750 305 816 359 fidei

34 383 148 427 aretur:
186 377 260 444 apud
270 375 322 427 hos
333 375 444 425 dedisse
456 388 569 439 operam
581 374 742 425 dialecticae
755 388 817 440 pro·

35 447 91 496 iet.
122 446 205 495 Alios
217 444 281 497 lusa
291 450 320 495 et
332 443 465 509 aequalis,
482 449 511 493 et
523 458 558 493 ex
570 442 760 495 communibus
771 442 819 493 du-

34 529 49 563 a
60 514 222 576 sensibus,
242 515 333 565 oratio
344 514 434 579 magis
446 512 579 563 delectat:
603 511 639 563 ad
650 511 701 562 hos
713 526 821 577 permo-

37 582 115 633 ndos
128 584 322 633 mutuabimur
332 580 438 649 aliquid
449 596 466 631 a
477 580 680 647 Peripateticis
698 579 728 630 hi
739 586 820 647 aptos

34 653 84 701 *in
103 666 222 703 omnem
239 652 457 719 disputationem
473 658 586 716 paratos
603 652 658 701 iarn
680 650 756 701 locos
774 649 821 700 da·
891 706 892 717 ,

34 725 95 783 rnt;
124 719 285 771 Academici
298 720 518 788 pugnacitatem‚
540 720 621 772 Plato
634 718 821 780 altitudinem,

35 786 177 855 enophon
190 789 404 841 iucunditatem:
426 804 462 840 ne
474 790 587 856 Epicuri
599 787 711 855 quidem
723 794 751 838 et
762 788 822 838 Me-

33 857 126 908 ·odori
137 856 273 909 honestas
284 859 417 925 quasdam
433 860 649 919 exclamationes
666 857 821 918 adsumere,

32 927 125 993 isque,
148 932 235 993 prout
246 943 291 979 res
302 930 407 994 poscit,
416 921 482 990 uti,
504 928 627 981 alienum
639 930 693 979 erit
705 926 820 978 oratori.

32 994 116 1062 Teque
127 997 205 1047 enirn
216 998 371 1062 sapientem
382 995 580 1060 informamus,
612 1012 703 1062 neq-ue
715 996 821 1048 Stoieo-

32 1080 77 1115 sm
89 1065 245 1125 civitatem,
256 1064 389 1124 sedeam,
400 1064 448 1129 qui
458 1080 515 1113 uon
528 1064 662 1130 quasdam
674 1070 748 1116 artes
755 1062 821 1114 hau·

32 1135 81 1194 ire,
104 1132 158 1183 sed
170 1147 267 1183 omnes
278 1132 441 1194 liberaliter,
462 1131 554 1183 debet.
578 1132 702 1199 Ideoque
712 1137 740 1184 et
751 1133 821 1182 iuris

31 1201 106 1253 ivilis
119 1201 267 1252 seientiam
277 1206 387 1253 veteres
399 1206 526 1253 oratores
538 1200 821 1267 eomprehendebaut,

32 1270 257 1337 tgrammatiea,
288 1271 395 1323 musica
411 1275 441 1321 et
459 1271 615 1337 geometria
625 1270 821 1321 induebantur.

31 1340 150 1391 noidant
166 1342 242 1391 enim
258 1354 385 1401 caussae,
416 1340 553 1405 plurimae
565 1338 676 1406 quidem
688 1353 720 1389 ae
731 1352 821 1405 paene

31 1424 130 1470 mnes,
153 1410 255 1475 quibus
266 1409 336 1459 iuris
347 1408 448 1458 notitia
459 1408 647 1459 desideratur:
669 1408 821 1474 pleraeque

30 1482 126 1538 utem,
147 1476 178 1527 in
189 1478 288 1543 quibus
299 1475 352 1528 hae
364 1492 472 1545 quoque
484 1476 820 1544 scientiae-requiruntur.

70 1545 185 1598 xxxii.
208 1546 265 1598 Nee
280 1547 425 1614 quisquam
441 1547 621 1613 respondente
647 1545 763 1608 suffieit,
786 1553 821 1595 ut

30 1615 55 1666 sd
67 1620 181 1683 tempus
189 1615 308 1681 simplex
319 1615 450 1682 quiddam
466 1621 496 1685 et
510 1614 651 1666 uniforme
662 1615 821 1666 doceamur.

30 1684 145 1735 2rimum
157 1685 231 1734 enim
242 1684 326 1735 aliter
336 1685 441 1736 utimur
452 1685 586 1750 propriis,
608 1684 691 1735 aliter
702 1697 820 1735 commo·

30 1753 106 1803 latis:
122 1753 261 1821 longeque
272 1753 412 1805 interesse
419 1753 599 1806 manifestum
611 1757 662 1814 est,
681 1751 822 1818 possideat

30 1823 91 1889 puis,
113 1836 183 1889 quae
196 1821 313 1888 profert,
334 1837 368 1872 an
381 1829 537 1877 mutuetur.⁴
561 1821 670 1874 Deinde
680 1822 743 1888 ipsa
753 1820 821 1871 mul·

30 1905 114 1941 :arum
125 1893 357 1943 artiumseientia
367 1892 453 1943 etiam
464 1891 540 1941 aliud
552 1895 821 1957 agentesnosernat,

30 1966 120 2026 itque,
151 1961 198 2012 ubi
208 1961 323 2012 minime
335 1960 447 2024 credas,
473 1960 578 2012 eminet
589 1964 620 2010 et
630 1959 754 2011 excellit:
781 1957 820 2008 id·

30 2043 77 2095 que
89 2042 142 2080 nea
154 2030 345 2087 doctusmodo
356 2035 385 2082 et
395 2028 516 2097 prudens
528 2027 651 2091 auditor,
677 2028 820 2081 sedetiam
886 2093 889 2098 Α

30 2098 140 2163 populus
149 2099 283 2167 intelligit
293 2113 326 2150 ae
336 2100 432 2152 statim
442 2100 484 2149 ita
493 2097 577 2150 laude
589 2099 774 2167 prosequitur,
789 2101 821 2147 ut

30 2166 150 2233 legitime
159 2169 308 2230 studuisse,
328 2175 361 2220 at
372 2183 421 2234 per
431 2183 527 2220 omnes
539 2168 714 2234 eloquentiae
725 2179 820 2217 nume·

30 2235 147 2298 rosisse,
164 2243 196 2287 ut
206 2236 326 2304 denique
338 2243 479 2288 oratorem
491 2237 575 2292 etiarn
587 2235 721 2288 fateatur:
738 2246 819 2300 quem

30 2319 83 2354 non
94 2319 171 2370 posse
187 2307 270 2356 aliter
285 2308 433 2368 exsistere,
465 2321 518 2356 aee
528 2305 667 2358 exstitisse
680 2315 819 2369 umquam,

30 2375 167 2436 eonlirmo,
189 2375 334 2436 nisieunr,
352 2375 414 2441 qui,
436 2380 576 2440 nmquam
591 2375 621 2425 in
633 2375 721 2424 aciem
733 2369 819 2422 onmi-
844 2415 852 2422 .

30 2443 78 2492 bus
89 2444 168 2494 armis
177 2444 346 2506 instructus,
375 2443 416 2493 sio
425 2443 454 2493 in
467 2442 558 2494 forum
570 2444 698 2494 amnibus
711 2439 819 2493 artibus

31 2517 159 2573 armatus,
190 2512 297 2577 exierit.
333 2513 406 2578 quod
421 2511 491 2562 adeo
507 2511 662 2578 negligitur
671 2510 708 2563 ab
720 2509 817 2561 hortun

31 2587 177 2646 temporum
188 2581 314 2643 disertis,
337 2582 408 2632 utin
420 2582 576 2634 actionibus
587 2595 683 2633 eorum
695 2580 743 2648 lex
754 2592 818 2646 quo-
837 2586 839 2595 ¹

32 2664 82 2717 que
93 2649 399 2717 quotidianisermonis,
408 2648 493 2704 foede
503 2665 536 2702 ae
547 2649 677 2718 pudenda
686 2650 760 2706 vitia
774 2648 826 2722 (les.
890 2661 892 2667 ’
