2034 3025
146 140 198 197 sss
262 137 487 192 sannarum
515 105 674 205 [nasa]
694 136 853 213 accat

145 236 240 303 Messi
255 257 336 310 paam
350 249 470 304 coactas,
479 240 582 293 acciret
592 238 732 300 datianam,
747 238 789 291 cei
797 240 947 290 assumeret

146 307 291 377 securitati
310 308 384 360 iasta
400 309 511 362 ultione.
546 308 587 361 Et
596 306 705 359 modicis
714 306 839 357 remediis
844 306 947 373 priam

146 389 234 431 motas
244 377 405 429 consedisse.-
423 385 464 440 at,
474 378 498 427 si
508 377 646 444 desperent
655 390 765 427 asarela
775 373 893 427 Neronis
899 376 947 445 fo·

145 444 341 507 seOctaciam,
356 444 536 501 illimars'tana
546 445 664 496 daturas.
785 504 786 507 Ἴ
823 481 825 486 .

140 510 144 513 ’
173 563 175 566 ,
198 515 284 567 Lxu.
305 513 405 566 Varias
417 529 518 574 sermo,
530 519 558 565 et
569 512 604 563 ad
613 518 718 564 metum
729 515 813 577 atque
824 511 895 563 iram
905 526 947 563 ac·

147 582 347 641 commodatus,
367 584 470 632 terruit
490 582 575 632 simul
593 581 752 634 audientem
768 584 797 631 et
810 580 946 637 accendit.

51 662 61 669 “
148 651 204 703 Sed
213 665 311 717 parum
320 650 432 700 valebat
446 651 569 715 suspicio
580 650 609 699 in
620 664 710 711 servo,
731 652 761 697 et
776 648 948 713 quaestioni·

148 720 201 770 bus
212 718 376 784 ancillarum
387 710 466 768 elusa
476 725 547 768 erat.
583 714 881 783 Ergoconfcssionem
898 716 948 766 ali·

149 788 228 837 cuius
238 787 336 850 quaeri
347 786 452 850 placet,
473 788 517 835 cui
528 800 620 836 rerum
632 797 741 849 quoque
751 796 884 833 novarum
894 785 947 835 cri·

149 869 215 905 men
226 854 425 918 adtingeretur.
452 854 490 903 Et
499 855 576 903 visus
587 852 705 901 idoneus
715 856 860 901 maternae
871 854 948 905 necis

149 928 286 989 patrator,
301 922 443 982 Anicetus,
459 921 543 971 classi
554 918 627 987 apud
640 920 788 981 tlisenum,
802 924 837 969 ut
847 934 951 971 memo·

148 992 218 1050 ravi,
237 988 409 1048 Praefectus,
427 989 483 1039 levi
494 995 560 1053 post
574 987 726 1037 admissum
741 986 831 1037 scelus
846 988 950 1053 gratia,
989 1022 994 1031 „

146 1056 210 1107 dein
220 1058 347 1121 graviore
358 1053 435 1103 odio:
447 1054 510 1118 quia
521 1054 656 1105 malorum
669 1054 821 1107 facinorum
832 1056 963 1114 ministri.

146 1125 224 1191 quasi
235 1123 434 1189 exprobrantes
445 1121 644 1187 adspiciuntur.
660 1124 749 1190 Igitur
759 1126 874 1175 accitam
885 1139 949 1175 eum

152 1192 256 1241 Caesar
274 1206 371 1255 operae
386 1189 493 1255 prioris¹
503 1192 648 1243 admonet:
668 1194 750 1243 soleam
770 1192 952 1245 incolumitati

149 1257 290 1324 Principis
299 1258 426 1307 adversas
436 1256 608 1311 insidiantem
619 1268 732 1311 matrem
742 1260 903 1313 tribuerim:
913 1264 952 1313 tc·
986 1296 997 1317 x

150 1342 211 1378 cant
221 1324 295 1377 haud
302 1325 413 1377 raineris
419 1326 533 1394 gratiae
543 1327 662 1391 iactare,
682 1328 706 1379 si
715 1330 853 1397 coniugem
862 1327 952 1400 insen·

148 1409 209 1445 sam
228 1394 377 1461 depelleret.
404 1411 451 1447 nec
471 1408 553 1447 mana
571 1401 621 1449 aat
639 1400 692 1449 telo
712 1412 790 1463 opas.-
807 1398 951 1468 fateretur

151 1458 284 1516 Octaviae
293 1458 465 1516 adulterium.
478 1461 593 1518 Occulta
604 1464 708 1534 quidem
718 1466 898 1533 adpraesens,
906 1466 953 1518 sed

97 1563 110 1582 ι
150 1547 251 1600 magna
262 1532 287 1583 ei
293 1533 426 1600 praemia,
442 1543 468 1585 et
478 1551 592 1587 secessas
603 1550 724 1588 amoenos
734 1537 886 1601 promittit,
901 1536 952 1597 cel,

136 1599 175 1654 ,si
185 1601 346 1668 negavisset,
356 1618 444 1653 aecem
454 1605 588 1654 intentat.
616 1603 666 1653 llle
676 1605 762 1653 insita
772 1604 911 1666 vecordia,
922 1608 953 1654 et

152 1668 289 1720 facilitate
305 1673 431 1735 priorum
453 1670 634 1736 flagitiorum,
654 1672 737 1736 plura
756 1673 850 1734 etiam,
869 1687 953 1737 quam
989 1697 992 1704 ·

150 1738 257 1788 iussum
264 1743 336 1800 erat,
345 1737 438 1852 ἣιιὶἰῑ,
447 1737 609 1801 fateturque
620 1738 693 1802 apud
704 1738 818 1798 amicos,
827 1755 898 1804 quos
908 1755 954 1792 ve·

150 1805 194 1854 lut
214 1805 333 1855 consilio
350 1803 390 1854 ad
411 1805 524 1864 ibuerat
542 1804 683 1868 Princeps.
720 1805 791 1852 Tum
811 1805 840 1852 in
859 1805 954 1860 Sardi·

151 1873 226 1989 piam
239 1871 369 1942 pellitur,
388 1872 437 1922 ubi
451 1887 508 1923 nou
518 1873 600 1938 inops
611 1869 740 1922 exsilium
756 1869 903 1936 tolerarit,
925 1881 954 1928 et

165 1945 213 1990 ato
224 1941 305 1990 obiit.

204 2005 302 2057 LXlll.
331 2007 367 2057 nt
375 2004 461 2070 Nero,
480 2005 659 2077 Praefectum
674 2005 704 2059 in
719 2021 792 2074 spem
810 2008 954 2064 sedandae

151 2073 244 2126 classis
254 2082 425 2141 corruptam,
446 2080 475 2126 et
489 2076 632 2127 incusatae
642 2077 736 2156 paullo
747 2083 813 2129 ante
823 2079 953 2132 sterilita-

152 2141 189 2192 tis
201 2142 315 2204 oblitus,
335 2142 444 2194 abactas
454 2150 554 2209 partas
564 2144 726 2198 conarentia
740 2144 889 2209 libidinum,
910 2163 955 2198 ea-

153 2226 204 2278 pae
217 2208 269 2261 sibi
282 2217 431 2276 comperta,
450 2211 544 2266 edicto
559 2220 709 2265 memorat:
729 2215 873 2281 insulaque
883 2214 955 2265 Pan-

154 2277 266 2330 dataria
275 2281 419 2350 Octaviam
431 2281 544 2334 claudit.
569 2281 635 2334 Non
645 2283 702 2332 alia
713 2283 793 2334 enul
801 2284 955 2334 visentium

155 2347 251 2400 oculos
270 2351 377 2400 maiore
398 2349 593 2402 misericordia
612 2349 724 2401 adfecit.
763 2351 956 2404 Meminerant

154 2414 244 2468 adhuc
258 2417 370 2483 quidam
379 2418 562 2486 Agrippinae,
582 2421 739 2482 aTiberio;
759 2421 902 2471 recentior
910 2419 956 2470 lu·

151 2481 210 2537 liae
229 2487 367 2538 memoria
385 2485 735 2552 obversabatur,aclaudio
755 2488 862 2556 pulsae.
899 2485 957 2538 Sed

152 2553 212 2606 illis
227 2555 315 2607 robur
328 2555 431 2606 aetatis
447 2555 597 2608 adfueratr
610 2556 686 2607 laeta
706 2555 802 2621 aliqua
815 2554 956 2618 viderant,

154 2629 184 2678 et
192 2630 373 2702 praeseatem
387 2626 535 2679 saevitiam
552 2623 678 2678 melioris
689 2624 756 2676 olim
769 2621 901 2676 fortunae
912 2639 956 2676 re·
