2034 3025
143 113 197 170 nor
266 111 497 167 nuumnvnr
516 109 559 178 [A.
568 110 601 162 v.
612 111 671 164 810.
690 107 828 176 nean]

78 217 81 224 '
143 229 245 282 rosque
259 207 640 280 gladiatores-circumdedit,
669 209 716 274 qui
729 208 854 260 rixarum
871 211 953 264 initia
977 218 983 235 ¹

143 279 644 350 moiliensequnsiprivntnsinerent:
674 278 726 329 sie
738 277 822 329 laesis
831 278 953 331 validius

144 359 290 421 ageretur,
314 366 392 402 arnna
402 347 547 410 inferrent.
582 341 953 415 Ludicramquoquelicen

144 424 255 475 tlam'et
264 421 388 474 fautores
399 416 652 470 histrionumrelut
662 417 690 466 in
701 416 955 483 proeliaconvertit

143 493 303 560 inpunitate
323 495 351 542 et
357 489 505 556 praemiis,
535 491 620 552 atque
635 487 693 552 ipse
708 485 836 537 occultus
850 492 881 538 et
894 487 954 553 ple·

143 577 263 630 rumque
273 572 364 611 eornm
376 561 575 624 prospectans:
588 554 686 618 donec,
704 554 826 606 discordi
837 557 953 622 populo,

145 639 175 686 et
185 631 322 703 gravioris
333 632 424 679 motus
438 633 561 687 terrore,
590 639 645 674 non
656 624 732 675 aliud
743 625 898 677 remedium
908 640 954 680 re·

143 707 256 770 portum
272 702 329 761 est,
358 711 441 764 quarn
457 700 489 746 ut
502 693 653 747 histriones
663 694 752 746 -ltalia
766 694 952 762 pellerentur,

143 772 281 836 milesque
291 766 403 818 theatro
414 767 525 817 rursum
533 763 684 815 adsideret.
723 800 725 805 .

94 887 99 894 .
197 836 299 891 XXVI.
308 836 363 888 Per
372 836 445 888 idem
456 841 567 901 tempus
577 837 671 885 actum
681 833 710 884 in
716 831 822 886 Senatu
831 835 863 886 te
866 834 954 907 frou·

24 1275 102 1296 *ms

144 908 222 961 alitur
232 906 404 968 libertorum,
433 903 685 972 efflagitatumque,
704 904 872 956 utadoereue
882 907 955 959 mole

143 977 255 1030 eneritoe
275 975 438 1028 revocandae
463 973 599 1026 libertatis
616 973 660 1024 iut
680 973 807 1039 patronis
828 975 950 1030 tanetus

144 1047 340 1109 Necdeerant,
361 1045 408 1112 qui
419 1049 573 1097 censerent
609 1041 664 1094 Sed
672 1043 818 1106 Consules,
838 1044 953 1096 relatio

143 1133 208 1169 nem
218 1117 340 1183 incipere
351 1130 407 1166 non
417 1116 477 1166 ausi
487 1115 585 1180 ignaro
595 1111 738 1179 Principe,
763 1115 953 1180 perscripsere

142 1193 239 1241 tamen
250 1200 413 1238 consensum
424 1183 557 1235 Senatum
582 1180 629 1232 ille
638 1182 952 1236 auctor-constitutionis

136 1255 237 1327 fietu,
258 1257 500 1321 utintorpaucos,
526 1253 552 1303 ei
563 1252 718 1303 sententiae
729 1251 871 1304 adversos:
890 1255 951 1319 qui-

143 1327 277 1389 busdam,
302 1323 431 1376 coalitam
442 1323 572 1373 libertate
581 1323 797 1374 inreverentiam
809 1337 842 1374 eo
853 1336 952 1389 proru-

142 1397 226 1463 pisse,
246 1393 439 1456 irementibus,
458 1391 528 1455 nine,
548 1407 583 1442 on
593 1405 678 1456 aequo
688 1406 748 1443 cum
753 1391 953 1458 patronicium

144 1473 269 1537 agerent,
281 1461 442 1519 sententium
452 1477 543 1515 eorum
553 1463 747 1527 consultarent,
758 1477 791 1515 nc
800 1461 954 1515 uerlmibue

144 1551 241 1589 ananus
261 1538 335 1589 ultro
354 1534 534 1589 intenderent.
553 1530 674 1599 inpulere
687 1533 732 1584 nel
740 1549 857 1601 poenam
875 1549 953 1585 suom

144 1604 337 1659 distendentes.
377 1602 451 1667 Quid
459 1602 529 1655 enim
538 1601 615 1653 aliud
627 1603 699 1653 laeso
715 1610 835 1669 patrono
849 1618 954 1655 concea-

144 1690 219 1739 eum,
238 1692 320 1744 quom
329 1681 361 1725 ut
371 1672 523 1725 uicesimum
533 1672 609 1721 ultra
619 1670 735 1735 lapidem
744 1670 774 1721 in
785 1686 862 1721 oram
874 1670 954 1724 Cam·

143 1744 243 1811 panion
254 1744 382 1797 libertum
391 1741 510 1809 releget?
532 1737 643 1789 Ceterae
654 1738 774 1789 actiones
780 1740 953 1803 promiscuae

144 1822 173 1865 et
179 1830 262 1881 poree
272 1829 335 1868 eme.
367 1809 550 1862 Tribuendum
559 1806 670 1871 aliquod
678 1808 770 1868 telum,
778 1804 851 1872 quod
860 1810 954 1873 sperni

143 1892 269 1951 nequeat.
306 1882 453 1949 Necgrane
463 1874 642 1938 nianumieeie,
658 1890 709 1942 per
718 1873 788 1925 ideae
798 1872 953 1944 obsequium

143 1950 281 2005 retinendi
294 1953 459 2010 libertatem,
473 1962 524 2013 per
534 1944 605 2010 quod
618 1943 739 1996 adsecuti
748 1944 814 1996 tint.
848 1945 888 1998 At
899 1948 953 2001 cri·

143 2020 246 2073 utinum
266 2020 425 2089 manifestor
446 2015 543 2067 rnerito
556 2015 594 2066 oli
610 2013 768 2066 seruitutem
783 2014 899 2083 retroiri,
918 2026 952 2074 ot
974 2069 978 2073 ,

143 2098 218 2143 ntetu
228 2097 411 2152 coerceantur,
430 2101 494 2154 quoe
504 2082 633 2153 beneficia
642 2102 695 2137 non
705 2083 889 2140 mutavissent.

197 2158 312 2232 XXVll.
337 2156 535 2211 Disserebatur
545 2159 657 2205 eontra:
679 2153 834 2207 Paucorum
844 2159 951 2225 culpan

144 2228 364 2299 iptieexitioeam
378 2244 433 2280 esee
444 2224 551 2277 uetere:
568 2224 639 2277 nitu
648 2224 832 2278 uniuersorum
841 2226 900 2278 iuri
910 2228 953 2279 cle·

145 2302 305 2369 rogandum.
325 2298 422 2368 quippe
440 2297 495 2347 late
510 2292 609 2367 sutum
626 2294 657 2346 id
676 2311 781 2363 corpur.
817 2294 953 2363 Hincple·

144 2384 257 2437 rumque
268 2370 364 2434 tribue,
384 2365 517 2428 decurias,
536 2362 690 2434 ministeria
700 2364 914 2434 Magistratibue
924 2373 952 2417 et

147 2439 346 2503 Sacerdotibus,
357 2436 478 2491 cohorter
489 2434 573 2487 etium
582 2434 612 2487 in
622 2434 689 2487 urle
699 2434 874 2502 conscriptos.
910 2435 952 2487 Et

100 2507 117 2521 ”
141 2510 270 2581 plurimis
280 2508 422 2580 Equitum,
437 2504 954 2573 plerisqueSenatorilue,nonatiuntle

145 2581 278 2653 originem
293 2580 377 2633 troici.
413 2577 448 2630 'Si
466 2585 662 2645 separarentur
681 2573 816 2638 libertini,
839 2573 951 2645 monife·

145 2647 636 2723 itemforepenuriam'ingenuorum.
672 2643 953 2717 Nanfiuetramoio-
