2034 3025
155 36 775 123 uram.caesnasqrnuananc.70.1
831 49 879 103 ras

78 130 866 153 .------—-----------—-·-

77 158 230 211 latioribus
249 154 402 207 adtollitur.
437 155 550 205 initium
570 156 673 205 atrocis
688 155 716 205 in
732 155 877 206 Caecinam

77 227 255 280 sententiaea
264 224 297 276 L.
307 222 423 277 Vitellio
435 222 548 273 iactum.
583 222 648 273 dein
658 224 752 284 ceteri,
770 237 878 288 compo·

48 350 53 357 ,
77 298 133 347 sita
152 293 355 359 indignatione,
373 291 445 357 qaod
463 288 563 343 Consul
579 288 792 357 Rempubticmn,
809 287 878 342 Dux

76 362 278 431 Imperatorem,
297 357 493 426 tantisops'tns,
511 356 878 422 tortonoritnscumularm,

76 430 192 484 amicum
198 428 376 497 prodidisset,
393 428 470 479 velut
484 442 535 494 pro
545 426 658 477 Vitellio
669 433 878 494 conquerentes,

76 512 158 550 suum
177 497 302 549 dolorem
318 496 507 564 proferebant.
542 494 628 548 Nulla
640 498 670 545 in
688 500 816 551 oratione
834 510 879 544 eu·

75 570 202 635 iusquam
215 579 282 631 erga
291 564 437 616 Flavianos
448 564 540 616 Duces
552 564 726 616 obtrectatio.
762 579 879 615 errorem

76 632 328 701 intercedentiumque
347 633 513 685 exercituum
532 632 689 699 culpantes,
714 631 881 698 Vespasiani

78 718 180 756 nomen
192 702 322 767 suspensi
336 706 366 754 et
378 701 521 752 vitabundi
537 700 727 753 circumibant.
763 701 821 753 Nec
836 700 882 751 de·

78 772 147 834 fuit,
175 771 223 835 qui
236 786 321 819 unum
336 767 501 821 Consulatus
516 769 589 820 diem
606 771 641 833 (is
655 770 728 820 eninr
744 769 774 819 in
789 769 882 820 locum

80 838 214 891 Caecinae
226 842 382 907 supererat)
399 853 498 907 magno
513 854 573 888 cum
583 840 671 889 inrisu
680 838 827 889 tribuentis
838 852 881 887 ac·
902 891 909 898 ,
995 890 1003 901 ‚

78 908 275 974 cipientisque,
303 907 500 959 eblandiretur.
535 906 624 972 pridie
636 905 703 957 'Kal
719 905 882 959 Novembris

77 977 179 1028 Rosius
189 974 310 1043 Regulus
320 976 391 1036 iniit,
408 974 589 1040 eiuraritque.
625 974 882 1040 Adnotabantperi-

77 1046 110 1107 ti,
127 1050 371 1109 nuchemsnteu,
388 1040 583 1110 nonadwgeto
593 1038 774 1109 Magistrum,
799 1056 882 1107 neque

78 1114 136 1179 lege
151 1114 221 1173 tnta,
238 1109 322 1161 alium
334 1106 489 1177 suffectum.
525 1124 589 1161 nam
605 1108 708 1161 Consul
721 1124 777 1173 uno
793 1110 837 1161 die
852 1112 882 1161 et

64 1184 144 1231 'ante
158 1178 250 1230 iuerat
264 1178 394 1228 Caninius
407 1176 531 1240 Rebilus,
551 1178 579 1229 c.
592 1179 711 1233 caesare
726 1176 881 1243 Dictatore,

76 1247 140 1303 cum
151 1247 218 1299 belli
229 1246 315 1297 civilis
324 1248 447 1312 praemia
457 1246 664 1299 festinarentur.

129 1314 282 1366 XXXVlll.
317 1314 390 1365 Nota
400 1330 449 1380 per
458 1331 507 1367 eos
518 1316 576 1366 dies
586 1316 656 1367 lunii
666 1313 759 1366 Blaesi
768 1318 882 1365 mosset

78 1382 188 1435 famosa
204 1382 271 1432 fuit:
289 1381 324 1431 de
340 1397 393 1447 qua
407 1384 447 1434 sic
459 1384 624 1449 accepimus.
659 1382 745 1434 Gravi
759 1383 883 1447 corporis

80 1449 177 1502 morbo
188 1448 422 1516 aegerVitellius,
440 1449 600 1501 Servilianis
615 1450 717 1514 bortis,
735 1453 834 1501 turrim
844 1451 883 1500 vi-

80 1521 142 1570 cino
151 1519 232 1567 sitam
243 1517 397 1580 conlucere,
415 1533 464 1584 per
479 1525 599 1583 noctem,
617 1521 722 1571 crebris
731 1520 882 1571 luminibus

80 1585 286 1639 animadvertit.
321 1584 478 1637 sciscitanti
491 1601 624 1651 caussam,
641 1604 658 1639 a
698 1588 717 1639 d
738 1585 882 1640 casnm

83 1652 202 1706 tusam
218 1651 324 1721 eputari
341 1655 635 1724 nsultos,1›raccipuum
673 1672 754 1710 onore
772 1655 882 1708 Iunium

79 1721 219 1786 Blaesum,
235 1722 388 1773 nundatur.
423 1729 521 1776 cetera
532 1727 559 1775 in
575 1725 676 1788 maius,
693 1725 729 1776 de
742 1724 882 1792 adparatu

80 1800 109 1844 et
117 1789 398 1844 miuriss’sslasss'cs‘am
406 1791 512 1844 animis.
539 1808 591 1846 nec
600 1791 724 1857 defuere,
735 1795 782 1860 qui
792 1794 881 1858 ipsum

80 1863 202 1913 Tuscum
222 1863 252 1911 et
270 1860 348 1923 alios,
364 1860 415 1910 sed
430 1863 605 1913 criminosius
618 1861 758 1924 Blaesum,
775 1863 882 1912 incana·

67 1934 152 2000 ‘rent
170 1927 248 1994 qaod,
264 1943 349 1996 aegro
363 1927 503 1996 Principe,
522 1931 607 1982 laetos
620 1929 675 1981 dies
688 1937 790 1999 ageret.
825 1930 881 1982 Vbi

80 2003 240 2062 asperatum
250 1995 406 2059 Vitellium,
423 2002 452 2050 et
461 2012 541 2064 posse
553 1998 682 2060 Blaesum
693 1999 823 2066 perverti,
837 2012 879 2049 sa·

80 2066 119 2115 tis
131 2066 223 2129 patuit
237 2065 286 2126 iis,
302 2066 349 2131 qui
364 2064 522 2131 Principum
537 2065 657 2118 offensas
672 2069 774 2120 acriter
786 2083 799 2118 s
810 2083 881 2118 ›cru-

80 2132 185 2195 lantur,
202 2131 284 2182 datae
298 2132 331 2183 L.
346 2131 459 2184 Vitellio
472 2134 623 2187 delationis
636 2143 739 2201 partes.
775 2136 798 2189 ll
812 2152 826 2186 e
841 2133 880 2184 in·

58 2266 61 2269 Ι
79 2199 176 2252 feneus
190 2199 292 2250 Blaeso
306 2200 493 2253 aemulatione
506 2217 605 2270 prava,
622 2205 696 2272 quod
710 2219 787 2265 enm,
805 2203 881 2253 omni

80 2267 218 2320 dedecore
231 2267 415 2331 maculosum,
439 2273 550 2338 egregia
564 2271 639 2325 fama
653 2273 790 2334 anteibat,
808 2269 881 2321 cubi·
925 2273 929 2276 '

1 2378 2 2387 ,
81 2337 175 2390 culum
188 2337 368 2402 lmperatoris
380 2345 502 2401 reserat,
520 2340 608 2394 tilium
620 2343 677 2392 eius
690 2341 753 2390 sinu
763 2339 880 2405 comple·

80 2417 133 2458 xus
143 2411 173 2458 et
180 2403 296 2473 genibus
310 2405 444 2458 accidens.
478 2423 603 2461 caussam
620 2408 789 2462 confusionis
799 2421 882 2474 quac·
908 2451 911 2454 .

80 2475 163 2538 reati,
179 2491 233 2529 non
247 2488 260 2525 s
258 2475 398 2600 berem
411 2481 496 2540 mm,
514 2493 563 2532 nec
577 2475 621 2529 sui
634 2475 757 2538 ensium,
775 2475 881 2541 sedprc

75 2541 182 2618 fratrs,
195 2557 256 2615 W·
296 2542 468 2635 ‘'ilswtrt‘s,
480 2559 576 2618 preces
585 2544 761 2614 mammam
770 2541 882 2597 adtulit·
