2034 3025
112 131 192 184 nin.
203 128 269 183 xv.
284 128 367 182 cnr.
377 128 500 183 41-43.
520 126 819 197 [ennemase]
838 83 890 185 oro

83 236 207 289 Herculi
216 235 305 287 Areas
316 236 453 287 'Evander
468 240 644 297 sacraverat,
673 234 813 301 aedesque
830 233 890 286 Sta-

83 306 161 359 toris
170 305 242 355 toris
247 341 256 367 ,
273 310 342 355 vota
351 306 485 367 Romulo,
508 304 675 371 Numaeque
683 303 764 369 regie
775 306 804 353 et
814 302 891 355 delir-

82 374 168 425 brum
176 374 284 426 Vestae
294 389 355 425 oum
365 372 631 439 PenatibusPopuli
641 372 771 437 Romani,
780 378 891 423 exusta.

82 444 146 495 lam
157 457 234 507 opes,
253 447 299 493 tot
308 444 435 493 victoriis
443 444 606 510 quaesitae,
626 446 655 492 et
666 440 836 491 Graecarum
848 455 891 490 ar-

83 513 158 563 tium
168 511 284 574 decora,
315 513 380 562 euin
394 513 569 562 monimenta
582 510 762 578 ingeniorum
772 509 891 576 antiqua

85 587 117 633 et
127 581 308 647 inoonrupta,
335 581 473 647 quamvis,
492 582 614 630 intanta
623 578 800 646 resurgentis
810 577 890 629 urbis
926 604 934 627 x

83 646 304 717 pulchiitudine‚
323 649 412 700 multa
421 651 549 701 seniores
559 648 750 710 meminerint,
765 662 835 715 quae
846 660 890 698 re·
968 667 970 671 ·

26 734 33 749 ¹
83 721 180 787 parari
201 719 363 786 nequibant.
397 718 504 780 Fuere,
534 718 582 785 qui
601 718 788 781 adnotarent,
815 714 889 769 XIV.

83 787 208 842 Kalend.
225 786 348 839 Sextiles
361 788 530 854 principium
545 787 668 839 incendii
688 785 771 837 huius
786 791 890 847 ortum,
929 792 933 815 ¹

49 913 53 924 ,
86 856 322 926 ςιιοοιβεηοπεε
332 862 442 921 captam
451 857 551 907 urbem
562 855 814 907 inflammaverunt.
842 854 892 906 alii

87 940 122 978 eo
132 941 221 993 usque
231 940 299 977 cura
307 926 452 991 progressi
462 932 537 989 sunt,
547 930 580 976 ut
588 924 709 977 totidem
719 938 893 976 onnosmen·
938 979 942 989 p

86 1009 190 1061 sesque
202 1000 233 1045 et
242 994 304 1045 dies
314 996 391 1044 inter
400 999 522 1061 utraque
531 994 663 1045 incendia
672 998 831 1045 numerent.

139 1063 226 1114 XLII.
245 1064 377 1115 Ceterum
387 1062 462 1115 Nero
473 1077 541 1113 usus
553 1068 598 1113 est
606 1063 715 1128 petrino
725 1062 824 1125 ruinis,
845 1076 893 1114 ex·
992 1100 995 1107 .

87 1134 249 1199 struxitque
260 1132 387 1195 domum,
406 1132 435 1181 in
447 1146 501 1199 qua
510 1130 586 1181 haud
595 1131 714 1197 perinde
723 1146 851 1199 gemmae
863 1138 900 1187 ot¹

87 1217 187 1253 aurum
201 1202 338 1252 miraculo
353 1206 463 1264 essent,
491 1201 578 1252 solita
591 1200 700 1267 pridem
717 1207 746 1252 et
755 1201 823 1251 luxu
833 1201 892 1252 ml·
908 1236 911 1247 .

86 1276 166 1338 gata,
181 1286 264 1339 quam
276 1284 343 1320 arva
353 1276 383 1321 et
392 1264 495 1337 stagna
505 1275 535 1321 et
544 1270 576 1319 in
583 1268 697 1322 modum
707 1268 893 1321 soiitudinum

86 1338 270 1402 ninesilvae,
296 1338 806 1405 indeapertaspatiaetprospeetusr
836 1344 894 1389 ma·

64 1409 188 1476 ‘gistris
198 1414 227 1460 et
237 1406 478 1459 machinatoribus
488 1406 594 1459 Severo
609 1413 639 1457 et
649 1408 764 1471 Celere,
793 1407 893 1475 quibus
967 1454 971 1458 .

86 1479 235 1546 ingenium
245 1482 275 1529 et
284 1476 402 1529 audacia
412 1481 492 1540 erat,
520 1474 894 1543 etiemqnaenaturadene·

89 1545 242 1615 gavisam
260 1563 312 1614 per
322 1552 412 1599 artem
423 1551 536 1600 tentare
548 1551 577 1596 et
584 1547 693 1596 viribus
704 1545 842 1611 Principis
853 1546 895 1594 in·

87 1616 351 1682 interemantque,
371 1613 897 1686 adlaenAvernonaeigobitsmfostam
1000 1666 1003 1670 ,

89 1686 230 1751 uapore-ad
247 1687 319 1737 ostio
335 1683 464 1738 Rbers'na
483 1685 666 1752 depromes,
696 1685 896 1752 promiserant,
961 1688 964 1692 '

89 1756 357 1822 squalentiiittoro,
381 1753 766 1822 autpermsntesadversos.
803 1767 896 1821 neque

91 1826 167 1876 enim
178 1823 255 1875 aliud
265 1822 409 1876 humidum
419 1823 569 1892 gignendis
580 1825 659 1891 aquis
670 1823 801 1886 occurrit,
813 1829 897 1890 quam

89 1892 258 1959 Pomptinae
274 1875 403 1963 palddesz
433 1896 531 1945 cetera
545 1893 678 1958 obrupta,
707 1897 757 1943 aut
772 1892 896 1943 arentia:

92 1977 142 2025 ae,
169 1963 194 2012 si
204 1964 347 2029 perrumpi
357 1967 488 2028 possent,
517 1961 711 2014 intolerandus
721 1961 817 2028 lobon,=
844 1973 898 2012 nee

90 2033 299 2084 satisooussae.
336 2031 413 2083 Nero
429 2037 540 2095 tamen,
568 2037 601 2083 ut
616 2036 679 2083 erat
688 2030 897 2082 incredibilium

91 2102 218 2167 cupitor,
249 2099 374 2152 effodere
391 2103 522 2166 proxima
540 2102 649 2152 Averno
670 2101 739 2168 iuga
757 2101 895 2152 connixos
985 2161 988 2166 Ι

92 2176 151 2221 est:
172 2176 344 2237 manentque
352 2171 476 2236 vestigia
485 2172 634 2290 inritaesp

636 2185 670 2222 er.

634 2240 710 2291 omui
721 2243 898 2306 supererant,

91 2321 163 2371 non,
191 2312 225 2358 ut
238 2312 305 2373 post
318 2307 429 2360 Gallica
441 2309 585 2370 incendia,
613 2308 691 2359 nulla
705 2307 897 2369 distinetione,

91 2391 144 2428 nec
153 2376 260 2443 passim
271 2384 378 2439 erecta,
406 2377 459 2429 sed
468 2377 603 2428 dimensis
617 2377 741 2427 vicorum
752 2377 897 2428 ordinibus

92 2451 123 2497 et
132 2445 318 2497 latisviarum
329 2447 445 2512 spatiis,
469 2443 647 2512 cohibitaque
658 2445 849 2497 aedificiorum
860 2445 898 2496 ai·

91 2514 219 2564 titudine
238 2528 271 2564 ae
289 2515 441 2581 patefactis
459 2515 535 2567 areis
556 2513 716 2581 additisque
735 2514 898 2580 porticibus,

143 2237 244 2290 XLlil.
263 2240 404 2302 Ceterum,
424 2239 513 2303 urbis,
534 2254 605 2307 quae

9 2603 12 2607 ²
91 2582 463 2650 quaeironteminsolarum
478 2587 675 2651 protegerent.
699 2581 901 2650 Eooporticos,

92 2649 186 2720 Nero,
206 2651 381 2724 suspectui«
392 2661 606 2726 exstructurum,
622 2660 899 2722 purgataspuoareos
