2034 3025
125 60 129 71 ’
156 97 191 153 02
273 91 832 167 anninrvmrnvqc,nens]
906 148 909 156 .

105 211 110 258 ’.
141 236 150 255 2
207 206 269 256 XX.
298 200 373 254 Nihil
388 218 423 256 ex
436 203 478 254 his
494 206 606 256 Caesari
625 206 807 271 incognitum:
827 205 959 268 consilia,
1010 229 1012 242 ·

154 273 238 334 locos,
250 277 384 338 prompta,
395 273 503 341 occulta
513 279 635 334 noverat,
651 277 781 342 astusque
791 272 914 324 hostium
926 276 959 324 in

88 360 104 367 ·’
154 343 301 408 perniciem
311 343 377 408 ipsis
388 343 521 393 vertebat.
554 340 617 393 Seio
628 342 769 396 Tuberoni
780 342 888 409 Legato
899 348 960 394 tra·

110 450 114 465 ,
142 412 197 462 'dit
206 409 325 478 equitem
333 406 525 477 campumque:
536 411 658 477 peditum
665 412 751 461 aciem
763 413 802 461 ita
811 412 960 473 instruxit,

154 486 187 529 ut
198 474 260 546 pars
272 494 360 546 aequo
375 480 403 528 in
418 480 514 529 silvam
535 480 611 530 aditu
630 480 780 542 incederet,
800 494 864 544 pars
880 481 961 531 obie-

156 555 230 599 ctum
241 563 369 615 aggerem
380 549 545 600 eniteretur:
565 548 638 615 quod
648 548 773 610 arduum,
789 549 961 609 sibi,cetcra

155 617 268 683 Legatis
281 618 412 683 permisit.
432 617 530 683 quibus
540 616 624 681 plana
638 621 802 680 evenerant,
821 616 904 667 facile
916 618 960 667 in-

155 700 269 751 rupere:
289 686 349 752 quis
360 686 562 753 impugnandus
577 700 677 752 agger,
696 691 729 735 ut
739 688 762 735 si
773 700 884 736 murum
896 701 960 735 suc

157 754 295 814 cederent,
315 756 443 820 gravibus
463 769 580 819 superne
598 755 697 804 ictibus
713 753 961 808 conflictabantur.

156 822 250 874 Sensit
269 823 323 872 dux
343 824 468 888 inparem
489 824 614 873 consinus
634 837 763 888 pugnam,
784 823 962 890 remotisque

86 950 87 955 ¹
156 890 462 959 padllumvlegionibus,
481 891 636 942 funditores
656 892 858 957 libratoresque
875 907 961 942 excu-

72 985 77 990 ·
126 973 129 979 ’
155 966 216 1011 tere
231 959 289 1009 teia
304 966 333 1009 at
346 962 510 1025 proturbare
530 958 637 1011 hostem
656 961 740 1011 iubet.
761 961 861 1020 *missac
873 975 889 1011 e
899 966 961 1010 tor·

146 1030 258 1089 ‚mentis
268 1028 372 1090 bastae,
384 1035 543 1095 quantoque
554 1029 690 1093 conspicui
702 1029 788 1094 magis
799 1042 961 1095 propugna-

62 1114 64 1119 ·
112 1148 117 1160 ,
155 1103 242 1159 terea,
253 1102 331 1163 tanto
342 1098 467 1162 pluribus
477 1097 636 1162 vulneribus
648 1097 754 1147 deiecti.
773 1096 883 1146 Primus
892 1098 961 1151 Cae·

157 1180 275 1232 sar-cum
288 1166 437 1218 Praetoriis
448 1164 616 1227 cohortibus,
631 1171 712 1231 capto
723 1165 805 1225 vallo,
820 1165 900 1217 dedit
909 1168 960 1216 im·

156 1231 253 1299 petum
267 1234 295 1283 in
310 1235 415 1300 sylvas:
435 1234 546 1285 conlato
565 1233 623 1283 illic
640 1235 729 1299 gradu
746 1240 891 1284 certaturn.
910 1233 959 1285 ho·

157 1309 227 1353 stem
239 1318 255 1352 a
266 1307 345 1369 tergo
356 1304 443 1369 palus,
453 1302 753 1353 Romanosilumenaut
763 1307 870 1353 montes
882 1303 958 1354 clau-

158 1371 272 1422 debant:
292 1373 416 1439 utrisque
430 1372 581 1424 necessitas
597 1372 631 1421 in
638 1371 718 1433 loco,
733 1386 795 1437 spes
805 1373 834 1421 in
844 1372 958 1436 uirtute,

156 1440 232 1491 salus
243 1454 277 1491 ex
287 1442 409 1492 victoria.

188 1527 190 1532 ’
209 1508 284 1562 xxi.
313 1509 371 1562 Nee
390 1513 484 1562 minor
496 1510 640 1562 Germanis
651 1510 771 1573 animus3
790 1510 839 1562 sed
854 1525 957 1577 genere

156 1585 310 1644 pugnaeet
320 1595 460 1631 armorum
472 1581 686 1645 superabantur:
708 1591 768 1630 cnm
779 1579 876 1646 ingens
886 1581 956 1630 niul-

154 1647 247 1698 titudo
264 1650 331 1698 artis
343 1650 412 1699 locis
422 1649 588 1713 praelongas
599 1647 692 1698 hastas
703 1664 758 1698 non
768 1649 959 1713 protenderet,

131 1763 143 1770 ,
156 1728 213 1764 non
223 1714 379 1781 colligeret,
399 1730 488 1781 neque
499 1716 653 1766 adsultibus
664 1723 693 1768 et
700 1717 849 1768 velocitate
860 1732 957 1782 corpo·

128 1793 130 1798 ⁴
156 1797 219 1832 rum
242 1788 384 1845 uteretur,
404 1789 512 1842 coacta,
521 1785 619 1836 stabile
639 1785 673 1835 ad
688 1786 838 1850 proelium:
859 1791 958 1836 contra

157 1851 251 1912 mites,
267 1853 310 1902 eui
322 1857 429 1902 scutum
441 1855 550 1917 pectori
558 1854 732 1918 adpressum,
743 1860 772 1904 ct
782 1854 904 1905 insidens
915 1869 958 1904 ca·

158 1919 224 1984 pulo
235 1933 345 1982 manus,
362 1921 433 1970 latos
443 1923 626 1973 barbarorum
638 1927 728 1982 artus,
739 1923 812 1972 nuda
823 1937 872 1972 ora
882 1923 958 1973 fode-

158 1994 215 2048 ret,
225 1989 349 2056 viamque
360 1995 452 2055 strage
463 1989 583 2041 bostium
595 1992 728 2056 aperiret:
749 1993 890 2056 inpromto
900 1994 957 2041 iam

160 2056 281 2107 Arminio
286 2092 303 2128 ‚y
315 2058 350 2107 ob
361 2061 493 2110 continua
501 2059 636 2124 pericula,
651 2062 708 2109 sive
718 2059 797 2110 illurn
808 2075 904 2112 recens
913 2073 956 2109 ac-

160 2131 268 2194 ceptum
292 2126 390 2176 vulnus
410 2129 575 2178 tardaverat.
611 2130 685 2193 Quin
702 2133 731 2178 et
744 2130 958 2194 lnguiomerum,

85 2242 87 2245 ,
159 2199 220 2244 tota
229 2194 390 2246 volitantem
396 2198 460 2261 acie
465 2233 473 2259 ‚
484 2196 701 2263 fortunamagis,
712 2212 793 2263 quam
804 2199 899 2258 virtus,
912 2198 958 2248 de·

111 2305 113 2312 s
160 2264 278 2314 serebat.
298 2269 327 2315 et
342 2263 536 2327 Germanicus,
557 2280 613 2331 quo
627 2268 715 2332 magis
730 2267 957 2331 adgnosceretur,

159 2331 320 2383 detraxerat
330 2335 450 2398 tegimen
461 2335 557 2398 capiti,
568 2332 729 2400 orabatque,
734 2333 891 2386 insisterent
899 2350 958 2385 cae·

159 2399 249 2450 dibus.-
260 2401 309 2452 vnil
322 2416 387 2466 opus
402 2402 531 2467 captivis,
549 2403 632 2452 colom
646 2402 857 2455 internecionem
863 2401 957 2471 gemis

92 2526 95 2530 ,
139 2467 237 2535 :finem
248 2468 392 2539 bellofore.
429 2472 540 2537 lantque
555 2485 618 2523 sero
635 2471 689 2522 dici
704 2472 832 2521 subducit
848 2487 882 2522 ex
897 2472 957 2523 acie

159 2536 292 2602 legionem
306 2537 437 2590 faciendis
449 2540 559 2589 eastris:
576 2549 685 2589 ceterae
696 2540 730 2589 ad
740 2546 848 2591 noctem
860 2555 957 2592 crume

157 2601 277 2656 hostium
289 2605 408 2658 satiatae
418 2611 491 2658 sunt.
516 2608 622 2672 equites
633 2609 761 2674 ambigue
773 2607 922 2660 certavere·
