2034 3025
64 107 68 111 ’
150 104 202 168 roo
273 64 838 181 naunnrvm·[amandae]
915 134 916 137 a

149 213 217 280 piis,
237 225 302 279 pars
314 213 433 262 officium
444 214 473 261 in
483 210 639 276 Principem
649 212 718 274 rati,
737 210 831 277 plures
842 211 904 262 illos
913 226 955 263 se·

149 282 220 343 cuti,
240 296 321 332 ruere
337 281 373 333 ad
388 280 518 347 oppidum
529 279 721 342 Brundisium3
742 280 815 346 quod
825 283 956 347 navigan·

151 353 173 402 ti
186 350 597 415 celerrimumiidissimumque
618 346 737 413 adpulsu
752 355 819 399 erat.
855 350 955 416 Atque,

147 419 321 486 ubiprimum
329 418 427 471 exalto
438 418 611 488 visa'classis,
622 418 796 483 complentur
805 432 860 468 non
870 416 954 470 modo

148 496 247 555 portus
263 495 291 540 et
306 490 431 555 proxima
441 490 537 550 maris,
557 487 727 539 sedwmoenia
738 500 770 537 ac
781 492 874 552 tecta,
890 500 954 553 qua·

149 573 203 626 que
217 558 379 623 longissime
392 559 565 623 prospectari
579 561 690 623 poterat
703 558 886 607 moerentium
896 562 954 606 tur-

149 629 186 679 ba
197 632 225 677 et
235 628 415 693 rogitantium
426 628 499 675 inter
508 640 554 687 sc,
574 623 729 687 silentione,
741 636 776 677 an
787 638 848 677 eece
859 624 954 690 eliqua

148 695 329 765 egredientem
338 688 512 762 exciperent?
531 709 620 761 neque
630 696 698 743 satis
710 693 868 756 constabat,
888 692 955 761 quid

51 761 53 763 ’
147 780 198 831 pro
212 770 337 831 tempore
352 763 438 815 foret:
464 778 526 814 eum
542 763 639 814 classis
654 762 799 828 paullatim
815 762 956 825 successit,

148 834 315 894 nonalaeri,
329 837 361 883 ut
370 832 493 895 adsolet,
503 828 635 900 remigio,
647 830 696 882 sed
707 831 860 882 eunctis'ad
870 833 955 887 tristi·

148 904 216 953 tiam
232 904 399 969 compositis.
435 900 585 969 Postquam
601 900 709 952 duobus
725 914 785 951 cum
796 900 958 962 liberis,.se·

148 971 238 1022 ralem
256 986 356 1021 urnam
374 978 486 1034 tenens,
506 986 618 1038 egressa
637 970 714 1032 irari,
733 968 830 1021 defixit
850 969 958 1033 oculos,

148 1040 224 1090 idem
235 1044 356 1090 omnium
366 1043 499 1107 gemitus:
510 1054 599 1106 neque
611 1038 795 1101 discerneres,
806 1040 957 1105 proximos,

80 1165 88 1175 Ι
149 1109 270 1171 alienos,
290 1110 413 1160 virorum
429 1108 629 1161 feminarumve
645 1108 785 1173 planctus:
809 1109 863 1159 nisi
880 1106 957 1173 quod

150 1179 312 1229 conutatum
321 1181 500 1245 Agrippinae,
515 1178 598 1244 longo
609 1190 737 1229 moerore
746 1175 870 1239 fessum,
881 1176 956 1229 obvii

141 1252 178 1299 'et
188 1252 315 1297 recentes
325 1250 352 1297 in
364 1248 461 1303 dolore
472 1248 623 1298 anteibant.
651 1302 654 1311 ‚

201 1316 235 1367 ll.
253 1311 372 1368 Miserat
382 1317 451 1367 duas
463 1318 616 1382 praetorias
628 1312 757 1367 cohortes
768 1315 885 1378 Caesar,
908 1309 956 1367 ad-

150 1383 223 1446 dito,
242 1392 276 1436 ut
289 1384 470 1454 magistratus
482 1382 629 1447 Calabriae
639 1382 774 1449 Apulique
782 1392 811 1435 et
822 1381 958 1451 Campani

150 1469 276 1523 supremo
286 1471 353 1524 erga
362 1454 518 1507 meritoriam
521 1452 580 1523 filii
589 1452 633 1504 sni
642 1468 754 1505 munem
757 1449 956 1526 fingerentur.
967 1504 981 1513 ἥ
999 1506 1003 1516 ,

149 1524 241 1592 igitur
251 1525 453 1589 Tribunorum,
475 1525 733 1594 centurionumque
745 1521 867 1590 humeris
883 1525 971 1588 cine-¹

148 1608 197 1645 res
208 1595 403 1660 portabantur3
415 1593 620 1660 praecedebant
629 1595 770 1660 incompta
779 1595 860 1660 signa
864 1628 873 1655 ,
882 1595 957 1652 versi

149 1661 255 1714 fasces:
274 1664 369 1729 atque,
384 1665 431 1715 ubi
442 1663 563 1714 colonias
573 1660 848 1728 transgrederentur,
863 1665 958 1714 atrata

149 1731 405 1798 plebes,trabeati
420 1733 546 1798 Equites,
565 1744 616 1796 pro
636 1732 734 1797 opibus
752 1730 819 1795 loci,
840 1735 957 1792 vestem,

151 1800 384 1866 odores,‘aliaque
395 1799 523 1850 irrueram
534 1799 674 1862 solennia,
683 1800 854 1850 cremabant.
870 1800 955 1850 etiam
1007 1821 1010 1828 ·

151 1878 267 1936 quorum
284 1867 394 1919 diversa
404 1868 519 1935 oppida,
529 1872 623 1919 tamen
635 1865 721 1930 obvii,
741 1873 770 1919 et
779 1870 905 1918 victimas
916 1873 956 1919 at·

149 1951 203 2003 que
214 1950 277 1986 aras
287 1936 348 1986 Diis
359 1937 488 1988 Manibus
498 1941 667 2000 statuentes,
677 1937 798 1987 lacrimis
807 1943 838 1988 et
848 1937 956 1988 cancia

149 2005 317 2055 mationibus
334 2005 459 2056 delorem
479 2005 664 2056 testabantur.
680 2010 682 2014 “
699 2005 809 2064 Drusus
829 2005 957 2057 Tarraci-

149 2088 215 2123 nam
239 2087 400 2143 progressus
423 2079 466 2126 est
479 2090 541 2125 cam
561 2075 675 2126 Claudio
699 2071 788 2126 fratre
806 2073 957 2140 liberisque

151 2141 325 2204 Gernraniei,
336 2144 382 2210 qui
392 2145 421 2193 in
431 2143 499 2193 urbe
509 2142 630 2194 fuerant.
666 2143 813 2206 Consules,
823 2142 863 2193 M.
873 2141 956 2196 Vale·

149 2211 209 2260 rius
230 2215 264 2261 et
269 2212 297 2262 G.
312 2213 439 2263 Aurelius
454 2213 522 2274 (iam
537 2213 611 2263 enim
621 2213 956 2280 magistratum'oeeoepe·

150 2283 226 2340 rann)
243 2288 272 2330 et
280 2278 400 2332 Senatus
414 2293 637 2347 aomagnapars
646 2281 826 2348 populinien
836 2281 956 2347 eomple-

151 2361 228 2410 rere,
244 2347 367 2412 disiecti,
378 2355 461 2412 et,ut
471 2349 702 2416 cuique-libitum,
714 2349 822 2403 tientes.
857 2349 956 2403 aberat

150 2416 250 2484 quippe
270 2418 408 2482 adulatio,
435 2418 529 2486 giraris
549 2419 688 2482 omnibus,
718 2419 822 2472 laetam
840 2419 968 2473 Tiberio·

151 2485 309 2537 Geraranici
320 2492 439 2539 mortem
451 2486 525 2538 male
535 2486 710 2544 dissimularit

202 2555 249 2606 lli.
273 2555 399 2607 Tiberius
418 2551 764 2622 atqueAugustapublieo
784 2555 956 2622 abstinuere,

142 2623 268 2678 ¹interius
282 2626 428 2678 maiestate
441 2638 492 2676 sua
501 2625 567 2687 rati,
586 2623 713 2692 stpalam
723 2625 956 2690 lamentamus,
