2034 3025
151 119 202 181 sio
377 122 433 173 us
446 104 738 197 'sennonteus

152 238 181 285 et
189 229 271 280 hiens
281 226 446 293 compositio
457 233 484 276 et
494 224 632 277 inconditi
639 233 737 276 sensus
747 226 877 277 redolent
888 232 961 282 anti·

151 300 300 369 quitatem:
319 311 370 348 nec
382 309 546 365 quemquam
557 294 626 347 adeo
638 295 824 362 antiquarium
834 304 915 362 puto,
930 308 964 353 nt

153 370 278 421 Coelium
289 381 367 418 exea
377 371 456 433 perte
467 363 574 427 laudet,
594 379 649 431 qua
659 365 789 433 antiquus
799 370 850 418 est.
889 369 965 421 Con.

153 439 284 490 cedamus
295 449 362 487 sane
373 438 403 489 c.
414 434 541 497 Caesari,
560 440 593 485 ut
607 438 723 499 propter
738 436 964 502 magnitudinem

153 507 354 575 cogitationum
375 511 404 556 et
423 504 617 570 occupationes
636 518 728 554 rerum
748 506 839 555 minus
858 506 889 557 in
905 507 964 561 elo-

152 576 267 644 quentia
281 570 416 636 effecerit,
436 588 518 639 quam
528 572 660 624 Divinum
677 573 737 624 eius
752 574 899 641 ingenium
915 593 964 643 po·

152 644 288 697 stulabet:
308 649 366 693 tam
380 642 517 705 Hercule,
536 657 618 709 qnam
628 642 747 692 Brutum
766 642 964 711 philosophiae

151 730 218 767 suae
236 713 435 779 relinquamus.
471 711 556 773 Nam,
576 711 607 761 in
628 711 801 763 orationibus
820 713 963 768 nunorem

153 800 214 838 esse
225 782 300 834 fania
309 796 368 845 sua,
379 780 463 833 etiam
473 782 659 832 admiratores
671 780 729 832 eius
740 780 877 833 fatentur.
907 785 963 837 Nee

153 852 226 905 forte
239 852 383 919 qnisquam
394 855 443 899 aut
454 850 581 901 Caesaris
592 865 642 915 pro
654 848 741 901 Decio
752 849 896 915 Samnite,
916 861 963 905 aut

151 920 234 972 Bruti
243 934 293 985 pro
299 918 435 969 Deiotaro
442 919 527 985 Rege,
539 926 700 985 ceterosque
711 919 837 971 eiusdem
847 922 962 974 lentitu-

151 990 224 1041 dinis
236 987 272 1039 bc
287 988 392 1054 teporis
406 987 493 1039 libros
509 987 596 1055 legit,
617 988 670 1038 nisi
681 990 730 1056 qni
740 995 769 1039 et
779 992 910 1041 carmina
920 1008 963 1044 eo·

149 1058 267 1111 rundem
279 1058 405 1108 miratur.
434 1055 563 1109 iecerunt
573 1058 646 1111 enim
659 1064 687 1109 et
698 1058 823 1109 carmina
834 1066 864 1111 et
875 1061 908 1110 in
919 1062 964 1113 iii·

149 1126 304 1180 bliothecas
319 1126 491 1188 retulerunt,
512 1142 569 1178 non
584 1127 684 1179 melius
701 1142 784 1195 quam
795 1129 915 1194 Cicero,
936 1136 965 1182 at

128 1191 132 1196 ⁸
151 1198 270 1258 felicius,
281 1196 347 1263 quia
357 1195 421 1246 illos
434 1195 536 1246 fecisse
548 1197 696 1262 pauciores
708 1198 810 1248 sciunt.
847 1199 964 1250 Asinius

150 1280 268 1336 quoque,
290 1278 456 1331 quamquam
479 1265 657 1331 propioribus
679 1268 853 1332 temporibus
879 1276 964 1319 natus

149 1337 196 1399 sit,
213 1333 325 1385 ‘ridetur'
336 1332 404 1384 milii
422 1334 500 1383 inter
514 1331 664 1385 Menenios
682 1341 712 1386 et
722 1337 825 1402 Appios
837 1338 965 1389 studuis-

148 1422 190 1458 se.
221 1404 378 1460 'Pacuvium
394 1407 471 1454 certe
489 1409 519 1453 et
539 1404 646 1453 Attium
663 1418 720 1455 non
737 1404 829 1456 solum
847 1411 966 1474 trogm-

150 1474 287 1543 diis‚¹sed
309 1474 394 1526 ctiam
417 1473 592 1530 orationibus
616 1474 675 1526 suis
699 1474 853 1540 expressit:
890 1477 965 1528 adeo

150 1546 237 1596 durus
250 1551 282 1596 et
290 1545 381 1596 siccus
393 1548 446 1595 est.
483 1542 584 1593 Oratio
597 1550 702 1605 autern,
714 1543 787 1596 sicut
798 1559 904 1611 corpus
916 1545 967 1596 ho·

150 1615 243 1678 minis,
265 1628 299 1666 ca
321 1614 434 1666 demum
450 1611 545 1678 pulcre
562 1618 614 1675 est,
637 1613 664 1662 in
682 1628 735 1681 qua
752 1627 808 1665 non
831 1616 967 1668 eminent

150 1699 248 1747 venae,
268 1699 322 1736 nee
344 1690 409 1733 os'ss
428 1689 622 1746 numerantur,
655 1683 705 1734 sed
728 1691 907 1749 temperatus
931 1701 968 1737 ae

149 1755 240 1806 bonus
262 1753 377 1821 sanguis
398 1752 497 1818 impiet
523 1753 650 1803 membra
676 1757 705 1804 et
727 1754 857 1821 exsurgit
880 1756 968 1818 toris,

149 1824 281 1890 ipsosque
303 1837 405 1874 nervos
427 1822 514 1872 rubor
524 1821 597 1889 tegit
614 1827 643 1872 et
664 1820 750 1872 decor
771 1823 966 1875 commendat.

149 1892 223 1943 Nolo
236 1891 385 1942 Corvinum
396 1891 517 1958 insequi,
539 1891 604 1960 quia
619 1905 675 1942 non
692 1905 744 1958 per
758 1891 849 1960 ipsum
863 1895 969 1946 stetis·

150 1977 191 2023 se,
204 1975 257 2028 quo
269 1960 362 2014 minus
375 1961 513 2012 laetitiam
522 1960 702 2028 nitoremque
714 1967 878 2014 nostrorum
890 1970 968 2015 tem-

149 2046 248 2102 porum
272 2031 455 2097 exprimeret,
482 2031 624 2094 ridemus,
646 2030 673 2080 in
696 2037 832 2098 quantum
853 2031 967 2086 iudicio

150 2105 211 2155 eius
223 2101 264 2151 ris
277 2106 326 2150 aut
337 2101 424 2150 animi
440 2106 489 2150 ant
499 2095 605 2168 ingenii
618 2097 738 2151 suffecit.

201 2166 290 2223 XXil.
326 2170 368 2222 lid
388 2172 549 2223 Ciceronem
569 2170 664 2232 venio,
684 2170 727 2220 cui
748 2167 846 2221 eadem
868 2185 968 2241 pugna

150 2258 211 2293 eum
223 2239 385 2307 aequalibus
395 2242 451 2289 suis
463 2237 527 2302 luit,
539 2255 609 2307 quae
620 2235 687 2290 milii
698 2239 839 2290 vobiscum
851 2247 905 2292 est.
920 2244 969 2295 illi

149 2313 223 2362 enim
239 2311 368 2377 antiquos
384 2309 569 2373 niirabantnr3
596 2309 654 2375 ipse
669 2322 783 2359 suorum
798 2315 968 2376 temporum

149 2379 335 2445 eloquentiam
347 2379 547 2444 anteponebat:
564 2394 616 2429 nec
625 2376 683 2429 ulla
694 2393 723 2429 re
733 2380 822 2446 magis
832 2381 967 2438 eiusdem

148 2449 249 2498 aetatis
270 2456 395 2500 oratores
416 2449 579 2513 praecurrit,
599 2461 680 2517 quam
700 2447 812 2498 iudicio.
848 2449 968 2502 Primus

149 2521 222 2564 enini
234 2517 357 2567 excoluit
368 2518 536 2577 orationem,
557 2517 662 2583 primus
677 2523 705 2568 et
715 2519 807 2570 verbis
816 2518 968 2572 delectum

148 2583 274 2635 adhibuit
283 2590 313 2636 et
322 2586 516 2653 compositioni
527 2589 629 2648 artem,
649 2585 727 2637 locos
738 2602 851 2658 quoque
865 2589 970 2642 leetio·

149 2653 358 2706 resadtenterit
374 2662 402 2706 et
412 2654 545 2724 quasdam
560 2657 840 2722 sententiesiureuit3
861 2662 969 2732 utique
