2034 3025
41 125 49 132 ·
144 120 147 125 ’
180 138 213 191 ιο
292 89 876 207 nnnsmvn[nvchncn'as

178 237 249 291 asari
268 236 375 292 Oceano
394 248 444 292 aut
463 240 585 293 amnibus
605 241 758 311 longinquis
776 252 882 312 septum
901 245 983 314 irnpe-

178 308 264 361 rium:
275 308 399 377 legionen,
407 309 570 379 provincias,
580 313 685 374 classes,
695 320 792 363 cuneta
802 313 875 364 inter
885 329 915 364 se
925 331 984 367 coa·

179 377 325 441 nonarius
335 378 493 446 apuleiam,
513 379 670 431 modoetiam
684 380 759 446 apud
772 379 870 431 socios:
890 383 982 433 urbem

178 446 264 514 ipsam
272 448 416 517 magnifico
426 455 541 502 ornatu.-
556 464 648 516 pauca
658 449 799 500 admodum
809 450 837 501 oi
846 458 982 516 tractata,

176 532 227 587 qua
237 517 333 568 ceteris
344 516 417 583 quies
429 525 504 569 esset.

246 586 280 636 X.
298 586 449 637 Dicebatur
460 590 570 649 contra,
582 585 715 652 pietatem
725 601 792 655 erga
798 595 944 652 parentem
956 596 981 638 et

176 661 298 723 tempora
309 653 351 727 rei
363 654 487 721 publicae
501 652 622 707 obtentui
636 662 759 721 sumpta.-
778 663 897 706 ceterum
908 656 982 723 eupi-

177 722 237 775 dine
257 722 409 775 dominandi
429 722 546 775 concitos
562 739 613 790 per
633 723 807 791 largitionem
830 733 980 784 ueteranos,

126 847 134 858 ⁸
173 798 305 859 paratum
316 791 349 843 ab
361 791 527 843 adulescente
533 792 645 861 priuato
655 792 818 860 exereitum,
836 803 980 860 corruptas

178 859 300 911 Consulis
311 859 436 928 legiones,
454 860 609 912 simulatam
619 860 848 927 Pompeianarum
855 862 980 929 gratiam

175 928 297 997 partium
303 945 315 989 ,⁰
334 945 395 982 rnoa
405 930 451 981 ubi
462 930 567 981 decreto
576 929 695 980 Patruus
701 929 795 1000 snsces
805 938 832 980 et
841 930 885 980 ius
895 930 981 981 Prae·

176 997 245 1049 toris
255 997 398 1059 invaserit,
418 997 502 1050 caesis
512 998 608 1051 Hirtia
619 1006 647 1048 et
655 997 759 1060 Pansa,
778 998 845 1061 (siae
855 998 940 1049 bostis
951 998 980 1048 il-

177 1069 223 1129 los,
234 1082 280 1117 seu
290 1066 411 1119 Pansam
421 1083 548 1126 cenenum
557 1066 664 1118 aulrseri
674 1063 816 1138 adfusum,
827 1067 871 1118 sui
881 1067 980 1119 milites

176 1135 309 1197 Hirtium,
321 1143 347 1187 et
355 1136 525 1188 ambiuntur
536 1136 590 1187 doli
603 1133 704 1188 Caesar
715 1133 874 1198 abstulerat,
879 1139 892 1199 )
913 1136 980 1195 ulri-

176 1220 258 1272 usque
269 1204 359 1271 capias
370 1205 552 1272 occupavisse:
562 1212 699 1256 extortum
708 1204 795 1255 inuito
807 1204 913 1256 Senalu
922 1221 980 1255 con·

177 1276 310 1336 sulatum,
330 1289 467 1341 armaque,
483 1273 589 1341 quaein
600 1272 746 1326 Antonium
756 1273 900 1339 acceperit,
921 1289 980 1324 con-

178 1350 224 1393 tra
235 1341 433 1409 rempublicam
442 1357 535 1402 uersa.-
551 1342 898 1409 proscriptionem'cioium
916 1342 980 1393 disi·

176 1410 263 1464 siones
273 1426 411 1479 agrorum,
426 1427 459 1462 ae
469 1411 534 1478 ipsis
544 1411 657 1479 quidem,
671 1410 718 1478 qui
726 1426 828 1477 cepere,
844 1409 979 1462 larrdatas.

179 1480 250 1536 Saue
265 1477 353 1533 Cassii
369 1488 396 1532 et
408 1477 559 1533 Brutorum
578 1479 670 1532 exitus
686 1479 811 1547 paternis
829 1478 980 1532 inimicitiis
1004 1516 1005 1523 κ

179 1552 270 1614 datos,
292 1554 464 1618 (quamquam
468 1551 520 1622 sas
530 1549 577 1611 sit,
588 1550 702 1618 priuata
711 1546 772 1600 odia
780 1548 895 1616 publicis
907 1549 981 1599 utili-

178 1621 280 1673 tatibus
291 1617 428 1671 remittere
436 1620 464 1680 ,·J
485 1621 533 1670 sed
540 1617 697 1685 Pompeium
707 1617 826 1685 imagine
832 1616 923 1685 pacis,
936 1617 983 1667 sert

177 1688 310 1756 Lepidum
325 1687 411 1753 specie
426 1687 564 1738 amicitiae
584 1688 721 1753 deceptos:
738 1695 813 1752 post,
834 1685 979 1738 Antonium

181 1755 331 1808 Tarentino
340 1752 556 1823 Brundisinoque
560 1756 673 1827 foedere
683 1764 710 1806 et
719 1755 823 1821 nuptiis
833 1754 931 1810 sororis
941 1753 981 1804 in·

178 1828 288 1886 lectum,
309 1823 431 1875 subdolae
447 1823 600 1893 adflnitatis
614 1839 715 1890 poenas
731 1832 817 1874 morte
832 1822 979 1876 exsoluisse.
1003 1862 1004 1865 η

177 1893 280 1946 Pacem
289 1893 346 1945 eine
357 1890 435 1943 dubio
441 1891 581 1960 posthaec,
600 1909 691 1943 oerum
702 1900 863 1949 cruentam:
881 1891 981 1944 Lollia·

177 1978 235 2027 uas,
249 1961 434 2029 Varianasque
444 1963 531 2014 clades
537 1979 548 2022 ,⁰
556 1961 715 2030 interfectos
725 1958 827 2013 Romae
838 1959 979 2024 Varrones,

177 2030 325 2100 Egnatius,
342 2030 424 2082 Iulos.
461 2030 897 2083 Necdomesticisahstinebatur.
925 2029 979 2079 Ab·

178 2101 261 2152 ducta
271 2098 375 2153 Neroni
384 2115 467 2151 uxor.-
487 2107 515 2152 et
525 2099 641 2152 consulti
647 2115 699 2166 per
708 2097 853 2150 ludibrium
864 2098 980 2167 Pontifi·
1001 2158 1002 2171 ἵ

179 2185 231 2233 ces,
242 2186 278 2223 an
288 2178 422 2238 concepto,
433 2170 542 2222 necdum
554 2167 625 2219 edito
630 2177 726 2235 partu,
736 2167 790 2218 rite
800 2167 925 2219 nuberet:
949 2166 979 2228 Q,

183 2237 263 2291 'Pedii
272 2248 300 2291 et
314 2235 391 2290 Vedii
401 2236 533 2289 Pollionis
543 2239 637 2289 lrexas:
645 2244 780 2304 postremo
789 2235 879 2299 Liuia,
885 2237 979 2305 gravis

113 2366 121 2374 ¹
179 2306 210 2359 in
228 2307 428 2376 rempublicam
447 2314 548 2369 mater,
565 2305 662 2374 gravis
674 2305 763 2356 domui
777 2303 920 2357 Caesarum
935 2321 979 2356 no
1000 2298 1001 2367 b

179 2391 267 2429 aerea.
286 2376 356 2429 nibil
369 2377 476 2426 deorum
496 2374 639 2427 bonoribus
655 2373 793 2437 relictum,
812 2389 871 2425 curn
880 2389 906 2424 se
915 2381 978 2424 tem·
1000 2376 1002 2437 ξ

89 2486 93 2498 .
181 2447 234 2516 plis
244 2453 272 2497 et
282 2443 373 2514 effigie
388 2443 525 2496 numinum
537 2438 722 2511 per'flaneines
733 2451 759 2494 et
769 2442 917 2494 sacerdotes
927 2440 979 2492 coli

180 2517 267 2567 uellet.
295 2532 328 2566 ne
342 2511 480 2565 Tiberium
494 2513 598 2580 quidem
613 2511 731 2563 caritate
746 2511 847 2563 autrei
857 2509 996 2579 publicae,

93 2584 97 2590 '
181 2600 249 2636 cetra
259 2596 434 2635 successorem
445 2581 592 2633 adscitum:
602 2581 648 2633 sed
657 2580 780 2649 quoniam
790 2578 978 2649 adrogantiam

81 2693 92 2708 ,
182 2652 374 2719 saevitiamque
389 2649 446 2702 dus
461 2648 669 2719 introspexerit,
688 2648 886 2720 comparatione
896 2648 980 2701 (leter-
998 2672 999 2691 a

992 2826 999 2997 r
