2034 3025
143 91 195 147 ³28
366 83 422 135 mi
440 73 715 134 oadroalssvs
754 84 756 91 ’

147 154 949 188 Μ

140 195 268 256 aeebautz
284 188 481 256 habebantque
492 190 580 255 ipsius
589 188 683 253 populi
693 188 959 242 diversissimarum

140 260 368 327 aurium-copiam
374 292 383 322 ,
402 272 502 325 exque
512 257 594 309 facile
604 256 866 323 deprehenderent,
888 256 959 326 quid

139 333 289 400 inquoque
303 328 349 379 vel
360 328 542 393 probaretur,
571 325 615 377 rel
630 326 800 391 displiceret.
835 328 887 379 Ita
904 342 960 379 nee

141 403 306 471 praeceptor
316 396 427 459 deerat,
456 398 578 463 optimus
589 395 701 462 quidem
713 402 742 447 et
752 396 959 459 electissimus,

142 472 190 541 qui
203 470 304 521 faciem
317 467 505 532 eloquentiae,
536 479 592 515 non
607 466 757 533 imaginem
772 472 958 535 praestaret:

141 554 194 591 nec
203 535 356 589 adversarii
367 540 396 587 et
406 535 506 586 aemuli
516 534 609 597 ferro,
638 548 695 584 nou
706 534 840 596 rudibus,
873 534 958 586 dimi·

31 657 36 664 ,
142 613 251 661 cantes:
272 605 322 658 sed
332 604 624 671 auditorium-semper
634 602 755 668 plenum,
777 618 897 670 semper
908 619 958 655 uo·
1008 616 1009 627 ¹

142 691 217 741 rum,
237 690 272 727 ex
281 674 383 726 invidis
394 678 424 725 et
433 671 599 735 laventibus,
614 677 645 722 ut
655 686 706 723 nee
715 672 800 735 male,
815 673 956 725 necbene

142 746 220 799 dicta
228 742 482 796 dissimularentur.
519 740 603 793 Scitis
615 742 700 803 enirn,
724 755 861 807 magnam
873 740 955 795 illan

143 823 173 869 et
182 815 344 865 duraturam
354 811 532 876 eloquentiae
542 810 644 861 famam
656 824 711 859 non
721 811 813 859 minus
823 811 856 860 in
862 810 959 863 diver·

142 888 181 935 ais
191 880 331 933 subselliis
342 880 444 944 parari,
464 894 548 945 quam
559 880 628 931 suis:
648 880 808 946 quinimmo
820 888 954 932 constan·

143 954 198 1005 tius
212 962 330 1015 surgere
344 948 395 1009 ibi,
422 946 537 1006 fidelius
552 948 741 1000 conroborari.
776 948 872 1015 Atque
882 950 954 1000 Her·

140 1018 205 1073 'cole
216 1018 268 1072 sub
278 1016 416 1069 eiusmodi
424 1018 651 1085 praeceptoribus
661 1018 767 1078 iuvenis
775 1016 836 1078 ille,
848 1016 953 1085 dequo
1008 1020 1009 1025 ’

142 1088 289 1156 loquimur,
309 1091 453 1137 oratorum
464 1087 631 1155 discipulus,
651 1085 706 1137 lori
718 1084 841 1148 auditor,
864 1092 956 1139 secta·

143 1165 189 1211 tor
199 1157 375 1217 iudiciorum,
389 1154 516 1207 eruditus
528 1162 560 1208 et·
568 1155 746 1206 adsuefactus
757 1153 861 1205 alienis
871 1170 957 1225 expe·

144 1225 285 1285 timentis,
308 1224 365 1285 cui,
390 1224 519 1290 quotidie
527 1224 661 1287 audienti,
683 1229 766 1273 notae
777 1223 875 1290 leges,
894 1240 956 1275 nnn
1008 1234 1009 1279 l

142 1295 207 1347 nori
216 1292 339 1344 iudicum
349 1293 456 1356 vultus,
485 1292 621 1361 frequens
632 1294 661 1343 iu
672 1292 761 1343 oculis
772 1293 957 1345 consuetudo
1008 1290 1009 1335 l

143 1364 322 1424 concionum,
342 1376 426 1427 saepe
437 1364 566 1431 cognitae
577 1362 673 1427 populi
683 1374 780 1424 aures,
798 1363 859 1413 sire
870 1362 958 1414 adcu-

144 1433 282 1484 sationem
292 1436 461 1496 susceperat,
477 1432 535 1482 sire
546 1429 746 1494 defensionem,
762 1429 839 1481 solus
852 1434 957 1483 statim

144 1507 173 1554 et
185 1517 257 1552 unus
272 1500 564 1566 cuicumque'caussee
582 1513 632 1566 par
652 1504 722 1551 erat.
756 1498 957 1554 Nonodecima

143 1569 245 1622 aetatis
254 1584 329 1620 anno
338 1569 372 1620 1..
383 1571 500 1621 Crassus
512 1571 540 1630 C,
552 1570 719 1631 Carbonem,
747 1583 801 1620 uno
812 1574 843 1622 et
852 1572 957 1623 vicesi-

103 1662 111 1669 ‘
143 1654 189 1692 mo
205 1641 309 1692 Caesar
323 1638 513 1702 Dolabellam,
542 1639 631 1690 altero
645 1639 821 1690 et'vicesimo
836 1639 955 1695 Asinius

143 1707 235 1762 Pollio
255 1709 284 1758 (i.
305 1708 453 1771 catonem,
480 1723 537 1759 non
559 1707 648 1758 multo
667 1713 760 1758 aetate
777 1709 954 1763 antecedens

144 1777 244 1830 Calvus
253 1776 396 1830 Vatinium
407 1773 442 1828 iis
452 1778 624 1830 orationibus
634 1777 775 1844 insequuti
784 1783 860 1841 suut,
879 1793 953 1848 quaa

143 1843 282 1912 hodieque
292 1846 546 1898 cumadmiratione
557 1846 685 1914 legimus.
792 1855 794 1862 '

195 1913 309 1966 XXXV.
326 1915 363 1965 llt
373 1932 447 1967 nunc
456 1915 657 1967 adolescentuli
672 1917 761 1966 nostri
771 1915 954 1971 deducuntur
1008 1945 1009 1976 r

119 2022 121 2025 -
143 1986 173 2034 in
194 1997 292 2034 scenas
312 1982 559 2048 scholasticorum,
588 1985 634 2051 qui
654 1983 775 2037 rhetores
795 1993 952 2040 vocantur:
1008 1979 1009 1996 ¹

143 2065 213 2119 quos
228 2049 321 2118 paullo
337 2059 403 2104 ante
413 2054 556 2104 Ciceronis
570 2058 698 2119 tempora
713 2055 870 2119 eastitisse,
899 2072 956 2111 nee

143 2120 281 2188 placuisse
298 2121 451 2172 maioribus
465 2123 585 2185 nostrie,
613 2136 649 2173 ex
660 2137 693 2172 eo
703 2123 886 2182 manifestum
898 2135 956 2190 est,

88 2214 91 2218 ⁴
143 2188 375 2258 quodhcrasso
385 2197 415 2249 et
424 2189 744 2254 Domitiocensoribus,
767 2193 955 2258 eludere„ut

143 2262 184 2311 ait
194 2260 299 2320 Cicero,
316 2258 406 2310 ludam
416 2258 669 2326 inpudentioeiassi
680 2267 752 2312 sunt.
779 2261 849 2324 Sed,
869 2270 903 2315 ut
914 2267 955 2317 di·

143 2343 206 2380 ccre
216 2329 407 2392 institueram,
426 2328 638 2379 deducunturin
649 2327 773 2394 soboles,
796 2332 952 2400 inquibus,

144 2411 199 2448 non
209 2396 290 2448 facile
301 2397 429 2460 dixerim,
446 2400 578 2448 utrumne
589 2397 667 2448 locus
676 2398 750 2464 ipse,
767 2413 804 2450 an
815 2402 954 2454 condisei·

113 2521 120 2531 ,
141 2465 209 2532 puli,
219 2481 255 2516 an
265 2480 355 2531 genus
365 2467 522 2518 studiorum
533 2467 596 2532 plus
607 2463 674 2517 mali
681 2467 799 2534 ingeniis
805 2469 950 2524 adierant

141 2533 212 2583 Nam
227 2535 255 2582 in
271 2534 333 2584 loco
349 2533 418 2583 nihil
434 2528 623 2596 reverentiae,
652 2536 701 2586 sed
716 2539 745 2586 in
760 2553 951 2604 quemnemo,

141 2600 197 2650 uisi
217 2614 305 2666 aeque
321 2599 460 2668 inperitus
479 2602 574 2654 intrat.
611 2601 643 2654 ln
663 2604 862 2675 eondiscipulis
881 2609 952 2663 nibil
