2034 3025
121 145 157 216 'aa
182 151 189 166 “
221 121 523 214 u1sronmnvm
540 146 826 230 [numanum]
850 218 853 221 .
881 192 883 197 .

120 269 219 335 giones
234 272 393 330 pararetur,
413 279 478 316 mox
492 265 589 316 eadem
604 267 697 317 acrius
711 266 839 317 volvens:
857 265 927 318 faci·

119 336 192 388 liure
206 335 281 386 inter
291 334 379 386 nralos
390 349 527 387 consensu
540 335 577 386 ad
588 334 705 398 bellum,
723 349 808 404 quam
816 336 845 389 iu
855 349 928 402 paee

120 405 157 458 sd
168 403 352 456 concordiam.
917 447 924 460 .

173 473 232 526 ΙΝ.
268 472 412 526 Inferioris
430 477 523 524 tamen
543 471 710 525 Germaniae
734 473 858 544 legiones
881 489 927 526 so·

51 548 57 564 '
123 543 208 597 lemni
229 541 348 594 Kalend.
367 543 559 594 ianuariarum
577 549 752 594 sacramento
767 558 819 610 pro
834 542 928 596 Galba

122 611 253 674 adactae,
272 612 362 662 multa
372 611 548 663 cunctatione
562 617 591 663 et
605 611 675 662 raris
688 612 841 678 primorum
853 613 928 664 ordi-

121 697 190 733 num
200 681 327 732 vocibus:
346 683 432 734 ceteri
445 679 557 731 silentio
566 682 687 747 proximi
696 682 829 750 cuiusque
840 682 927 735 auda·

122 751 194 803 ciam
213 753 419 816 exspectantes:
442 751 527 801 insita
545 749 711 802 mortalibus
729 757 843 815 natura,
861 765 928 818 pro·

144 833 191 872 ere
201 819 293 886 sequi,
313 833 386 886 quae
403 819 480 887 piget
489 817 629 872 inchoare.
666 817 721 871 Sed
730 820 798 886 ipsis
808 819 928 888 legioni·

121 833 176 941 {us
189 888 280 947 inerat
290 887 435 940 diversitas
450 888 614 940 animorum.
649 885 773 940 Primani
788 891 928 957 quintani·

124 971 179 1026 que
187 956 293 1008 turbidi
302 957 383 1022 adeo,
393 963 427 1010 ut
435 957 547 1026 quidam
558 971 626 1026 sesa
636 957 664 1007 in
671 956 779 1011 Galbae
788 960 927 1026 imagines

121 1027 252 1078 iecerint:
272 1027 477 1093 quintadecima
487 1041 521 1078 ac
530 1026 718 1078 sextadecima
727 1028 866 1096 legiones,
884 1028 929 1079 ni·

97 1148 103 1158 ,
122 1092 164 1147 bil
173 1094 249 1146 ultra
260 1095 402 1147 fremitum
412 1100 442 1148 et
451 1097 541 1147 minas
550 1110 644 1159 ausae,
659 1097 769 1148 initium
780 1111 928 1164 erumpen-

123 1163 152 1216 di
172 1165 446 1230 circumspectabant.
491 1163 532 1216 At
549 1167 579 1214 in
598 1166 751 1231 superiori,
774 1172 875 1234 quarta
891 1180 929 1218 ue

123 1232 345 1284 duodevicesima
360 1231 497 1300 legiones,
508 1233 615 1291 ,iisdem
631 1232 753 1287 bibernis
772 1236 928 1297 tendentes,

122 1302 184 1368 ipso
194 1300 315 1354 Kalend.
329 1301 519 1353 ianuariarum
536 1301 596 1366 die,
616 1302 778 1371 dirumpunt
791 1305 928 1371 imagines

123 1369 241 1424 Galbae:
260 1374 361 1437 quarta
371 1369 445 1438 legio
456 1373 622 1438 promptius,
632 1371 854 1427 duodevicesima
863 1387 929 1424 cun·

123 1445 242 1504 stanter,
257 1453 477 1492 urosconsensu.
512 1441 560 1504 Ac,
573 1457 609 1494 ne
619 1446 803 1496 reverentiam
813 1442 928 1509 Imperii

95 1497 227 1566 ”sidere
236 1509 413 1574 uiderentur,
433 1507 553 1563 Senatus
563 1510 716 1581 Populique
728 1514 847 1565 Romani
858 1508 928 1564 obli·

122 1588 215 1635 terata
233 1580 288 1631 iam
309 1578 421 1631 nomina
440 1587 616 1633 sacranreuto
636 1581 821 1634 advocabante
846 1580 928 1633 nullo

124 1650 295 1719 Legatos-um
309 1648 531 1701 Tribunorumve
545 1666 596 1716 pro
613 1650 705 1702 Galba
718 1653 840 1714 nitente,
861 1650 929 1772 laui·

123 1720 248 1781 busdam,
261 1718 332 1769 utin
341 1716 473 1779 tumultu,
488 1718 638 1770 notabilius
648 1719 832 1770 turbantibus.
889 1733 929 1771 on

123 1788 218 1841 tannen
233 1788 377 1855 quisquam
393 1787 421 1839 in
433 1786 544 1836 modum
559 1786 700 1837 concionis
714 1791 875 1852 esuggestu
885 1787 930 1841 lo·

124 1864 240 1978 61ηῗιι
249 1870 340 1975 ”²3⁰⁰
351 1852 931 1991 alliiltlasllelts‘le..

242 1959 249 1975 .
307 1938 355 1989 pec
484 1938 501 1973 a
553 1939 562 1971 ι
706 1938 734 1973 ιιι

124 1992 284 2048 consularis
298 1992 433 2058 Legatos,
452 1990 564 2053 aderat,
584 2004 640 2041 non
653 2004 830 2059 compescere
843 2006 930 2047 ruen-

26 2056 28 2061 ’
123 2068 176 2124 tes,
190 2075 245 2113 non
255 2060 376 2112 retinere
387 2056 493 2121 dubios,
512 2073 568 2109 non
578 2059 720 2113 cohortari
732 2062 819 2114 bonos
830 2077 930 2114 aususr

123 2130 175 2185 sed
190 2130 291 2198 segnis,
312 2128 427 2200 pavidus
443 2132 472 2179 et
481 2129 609 2182 socordis
622 2132 764 2184 innocens.
798 2133 932 2195 Quatuor

125 2200 309 2254 Centuriones
323 2196 562 2251 duodevicesimae
576 2200 709 2269 legionis,
728 2201 834 2253 Nonius
845 2201 932 2253 aese-

124 2275 200 2338 ptus,
217 2268 355 2322 Donatius
365 2266 476 2333 Valens,
490 2268 626 2322 Romilius
635 2270 798 2333 Marcellus,
814 2269 931 2336 calpur-

125 2340 189 2391 nius
198 2338 382 2406 Repentinus,
401 2352 466 2406 cum
476 2344 655 2407 protegerent
666 2339 773 2393 Galbae
782 2340 932 2406 lanugines,

124 2408 222 2476 inpetu
236 2407 354 2461 militum
370 2407 479 2475 abrepti
494 2410 642 2479 vinctique.
677 2409 735 2462 Nee
748 2410 875 2476 cuiquam
886 2408 930 2459 ul·

125 2478 755 2544 tratldes,autmemoriapriorissacramenti:
776 2477 835 2541 sed,
854 2477 931 2545 quod

116 2549 154 2620 ‘ln
174 2548 356 2603 seditionibus
373 2547 487 2610 accidit,
506 2548 581 2600 unde
600 2550 696 2616 plures
716 2552 808 2608 erant,
833 2560 932 2599 omnes

126 2610 214 2672 iture.
249 2618 347 2681 Nocte,
366 2632 436 2685 quae
446 2617 511 2669 Kal.
521 2618 767 2671 lanuariassecuta
775 2620 826 2675 est,
845 2615 873 2665 in
885 2629 933 2668 co·

127 2685 229 2742 leniam
259 2688 485 2759 Agrippinensem
510 2687 643 2757 aquilifer
671 2693 787 2758 quartae
812 2684 934 2753 legionis
