2034 3025
230 44 444 99 nrnnocvs
464 13 677 103 cuer-ss
742 21 749 29 “
784 44 838 99 roo

21 160 99 205 vato
110 153 216 205 ordine
226 152 441 218 disputationis.
469 152 759 217 nequeenimdefait,
789 152 838 219 qul
871 162 878 177 ·

23 222 178 273 diversam
189 234 300 289 quoque
309 225 419 287 partem
428 220 594 286 susciperet,
609 234 650 284 ae,
667 219 840 271 multumve·

24 297 102 341 xata
113 295 147 341 et
156 291 429 351 inrisasetustate,
445 295 607 339 nostrorum
617 293 774 356 temporum
784 287 841 340 ele·
866 350 869 358 Ι

27 361 186 427 quentiem
197 360 375 425 antiquorum
386 358 510 425 ingeniis
521 356 685 410 anteferret.
772 379 773 385 ¹
866 363 868 377 '

85 430 132 488 ll,
146 426 219 479 Nam
229 431 344 495 postero
359 426 418 487 die,
447 441 531 494 quam
542 418 682 479 Curiatius
693 426 840 479 Maternus

29 497 177 548 Catonem
187 498 366 561 recitaverat,
377 510 439 547 curn
451 494 603 547 offendisse
613 498 771 562 potentium
783 497 842 546 ani·

28 580 98 616 mos
108 565 269 628 diceretur,
287 568 427 631 tamquam
436 565 466 614 in
476 578 510 616 eo
520 564 684 630 tragoediae
695 576 841 631 argumen-

29 640 74 695 to,
95 634 274 696 suiublitus,
296 639 407 685 tantum
418 634 552 685 Gatoaem
563 635 725 700 cogitasset,
752 632 841 700 eaque

32 702 71 753 de
82 717 116 752 re
127 716 180 769 per
189 704 287 753 urbem
297 700 527 769 frequensserrno
536 700 695 765 haberetur,
705 706 843 754 venerunt

32 770 72 821 ad
84 786 151 821 euru
160 772 200 823 M.
210 772 283 838 llper
293 777 323 822 ct
331 770 418 822 lulius
427 769 581 834 Secundus,
593 771 773 823 celeberrima
782 776 843 821 turn

32 840 155 907 ingenie
169 840 225 905 lori
240 842 344 891 nostrie
374 854 444 907 quus
460 855 514 908 ego
524 842 553 890 in
562 840 674 891 iudiciis
685 856 742 892 non
751 846 843 891 utros·

34 924 93 977 que
104 909 190 961 modo
200 909 326 961 studiose
337 908 492 972 audiebam,
510 909 561 961 sed
571 909 647 961 dorni
657 922 767 977 quoque
779 908 843 960 etin

33 978 150 1045 publico
171 978 350 1041 adsectabar,
378 978 453 1027 mma
469 978 626 1029 strrdicrum
646 978 797 1043 cupiditate
814 982 844 1027 et

35 1047 162 1114 quodam
172 1048 274 1098 ardore
283 1045 408 1107 iuvenili,
415 1067 419 1072 «
427 1050 459 1095 ut
466 1043 577 1095 fabulas
586 1059 695 1110 quoque
707 1058 803 1096 eorum
814 1049 844 1095 et

35 1116 246 1182 disputationes
256 1118 285 1165 et
295 1128 396 1165 arcana
404 1117 531 1164 semotae
541 1112 843 1179 dictionispenitusex·

35 1186 172 1251 ciperem.
216 1181 341 1249 quamvis
359 1181 480 1248 maligne
504 1181 630 1249 plerique
650 1183 843 1249 opinarentur,

36 1250 231 1305 necSecundo
246 1256 406 1318 promptum
421 1265 484 1302 esse
495 1266 668 1313 sermonem,
699 1258 727 1301 et
737 1252 842 1317 Aprum
876 1284 893 1288 --

35 1323 153 1387 ingenio
169 1322 262 1388 potius
278 1319 349 1372 etri
364 1325 495 1382 naturae,
525 1334 607 1387 quam
623 1320 801 1370 institutione
813 1326 843 1371 et
886 1369 890 1373 .

36 1392 157 1450 litteris,
186 1390 289 1441 samam
309 1388 485 1456 eloquentiae
499 1392 690 1440 consecutum.
711 1386 796 1438 ‘Natu
812 1394 843 1439 et

38 1458 170 1509 Secundo
180 1472 267 1526 purus
277 1461 307 1509 et
316 1472 430 1524 pressus
441 1462 485 1522 et,
507 1458 537 1508 in
548 1460 680 1526 quantum
691 1456 759 1507 sutis
770 1461 843 1521 erat,
931 1510 942 1518 υ

38 1525 182 1594 profluens
192 1541 284 1580 sermo
294 1543 351 1578 ncn
361 1525 465 1578 deluit:
485 1533 516 1579 et
525 1530 613 1594 Aper,
631 1526 770 1578 communi
781 1540 843 1578 eru·

27 1595 147 1648 -ditione
158 1596 286 1660 inbutus,
306 1597 502 1657 contemnebat
512 1595 605 1664 potius
614 1594 739 1655 litteras,
753 1608 842 1660 quam

39 1665 194 1728 nesciebat,
223 1671 364 1732 tamquam
379 1667 512 1718 maiorem
527 1664 683 1718 industriae
699 1669 729 1716 et
737 1661 842 1715 laboris
931 1709 938 1715 .

38 1735 158 1804 gloriam
168 1733 324 1797 habiturus,
334 1735 358 1784 si
368 1735 512 1803 ingenium
523 1735 583 1786 eius
593 1731 678 1785 nullis
687 1732 841 1786 alienarum
852 1797 857 1802 ,

39 1805 141 1856 artium
153 1804 327 1856 adminiculis
338 1803 419 1855 inniti
428 1803 582 1856 rideretur.

93 1874 140 1925 lll.
156 1874 254 1941 lgitur,
269 1878 301 1925 ut
309 1873 474 1937 intravimus
484 1871 642 1924 cubiculum
652 1869 785 1934 Materni,
800 1885 841 1924 se·
905 1876 909 1890 ⁴

41 1944 151 1994 dentem
160 1945 249 2011 ipsum
262 1949 304 2008 et,
336 1957 418 2008 quem
428 1939 519 2006 pridie
528 1940 712 2005 recitaverat,
736 1940 841 1994 librum

41 2015 220 2064 intramanus
231 2010 389 2071 habentem,
408 2006 650 2076 deprehendimus.

94 2081 164 2130 'l'um
175 2079 331 2134 Secundus:
356 2077 493 2142 Nilnete,
514 2078 619 2145 inquit,
639 2079 780 2141 Materne,
799 2077 840 2131 la·

42 2147 125 2200 bulae
134 2148 319 2215 malignorum
328 2151 446 2208 terrent,
460 2149 617 2214 quominus
628 2146 748 2202 offensas
760 2151 840 2202 Cato·

44 2220 87 2268 nis
97 2218 136 2268 tui
149 2213 245 2268 ernest
271 2215 314 2266 An
327 2215 392 2267 ideo
407 2215 509 2268 librum
522 2216 606 2267 istum
621 2215 840 2284 adprehendisti,

46 2294 78 2339 ut
87 2287 243 2353 diligentius
253 2289 437 2348 retractares,
466 2285 633 2350 etsublntis,
662 2287 840 2354 siquacpra·

47 2372 106 2408 ram
115 2353 315 2424 interpretandi
324 2353 471 2418 materiam
481 2352 627 2417 dederunt,
638 2355 781 2408 emitteres
792 2357 845 2408 Cae

47 2422 841 2492 tenero,nonquidemmeliorem,sedtanrcnseeurioreml

98 2496 167 2546 Tum
177 2494 236 2557 ille,
254 2493 397 2558 Legestu,
414 2491 480 2560 quid
488 2493 632 2556 Maternus
643 2493 696 2544 sibi
706 2492 840 2555 debuerit,

50 2574 227 2636 etagnosees,
245 2561 437 2632 quaeaudisti.
472 2561 751 2632 quodsiquacmisit
762 2563 837 2624 Cato,
