2034 3025
129 87 164 139 92
228 44 833 150 ursrosrrn‘vru[susanam]

130 192 190 240 rius
207 187 297 240 Rufus
316 188 486 253 adsequitur,
504 188 606 238 omissa
624 187 775 250 Hispania3
793 185 960 237 laetitiam

127 263 157 309 et
166 257 380 324 gratulationem
395 257 475 306 vultu
486 255 588 318 ferens,
605 255 699 305 animo
713 255 813 304 anxius
827 258 862 304 et
872 257 962 320 peti-

128 331 187 378 tum
207 340 241 378 se
260 325 495 376 criminationibus
504 337 617 392 gnarus
652 322 788 383 Hilarius,
806 322 960 374 caesaris

70 445 75 458 ,
127 394 252 456 libertus,
270 393 419 456 detulerat,
437 390 691 456 teneramunda
703 387 961 451 VitelliietOtlso·

128 462 169 514 nis
178 462 354 528 Principale,
369 460 512 528 propriam
526 460 583 527 ipse
593 459 748 526 palentiam
757 460 958 524 espossesss'o·

128 546 186 583 nera
201 529 397 596 Hispaniarum
413 537 558 581 tentasset.-
577 543 659 592 ecque
672 526 867 594 diplomatibus
883 532 958 581 nul·
1013 584 1014 599 ζ

128 600 182 651 lum
194 598 349 664 Principem
356 596 586 666 praescriptionem
603 595 844 661 interpretabatur
854 612 955 664 quae-

128 667 192 719 dam
207 681 243 718 ox
258 667 430 718 orationibus
444 667 513 727 elus,
530 664 731 716 contumeliosa
739 665 768 713 in
779 664 952 728 Vitellium,

129 741 158 786 et
169 749 218 801 pro
232 750 262 786 se
276 737 334 800 ipso
350 735 505 801 popularia.
541 734 701 786 Auctoritas
715 732 805 782 Cluvii
821 748 951 799 praera-

128 804 190 865 luit,
208 808 240 854 ut
249 805 340 868 puniri
351 803 426 854 ultro
436 803 569 854 libertum
583 817 664 852 snum
674 801 806 852 Vitellius
815 803 948 855 iuberet·

129 872 241 921 Cluvius
256 873 400 922 comitatui
419 872 555 936 Principis
573 871 708 933 adiectus,
729 885 786 920 non
805 871 951 938 adempta

130 940 273 1005 Hispania,
292 955 375 1006 quarn
391 943 463 991 rexit
477 941 591 1002 absens,
609 939 737 1006 exemplo
753 939 787 998 L,
801 941 948 1010 Arruntii.

131 1023 191 1060 enni
208 1009 337 1059 Tiberius
355 1011 457 1060 Caesar
471 1009 506 1060 ob
521 1014 639 1071 metum,
661 1007 946 1062 Vitellius'Clurium

130 1076 209 1127 nulla
220 1077 366 1130 formidine
376 1079 525 1129 retinebat.
562 1077 625 1128 Non
636 1078 711 1128 idem
720 1079 865 1129 Trebellio
878 1081 945 1131 Mas

129 1146 203 1196 ximo
222 1145 317 1198 bonos.
353 1147 517 1218 profugerat
535 1147 691 1206 Britannia,
710 1147 746 1197 ob
764 1148 944 1200 iracundiam

130 1215 261 1264 rnilitum:
281 1217 380 1266 missus
391 1220 435 1266 est
444 1215 581 1266 inlocum
596 1215 657 1266 eius
666 1214 776 1267 Vettius
785 1216 914 1268 Bolanus
925 1232 944 1270 e

181 1285 331 1335 esentibus.

70 1410 75 1418 Ι
183 1353 283 1405 1,va
325 1351 450 1420 Angebat
467 1352 616 1404 Vitellium
640 1356 774 1406 victarum
794 1355 940 1421 legionum

130 1421 341 1488 haudquaquam
358 1421 464 1472 fractus
480 1424 596 1472 animus,
632 1438 747 1488 sparsae
763 1438 813 1490 per
826 1423 939 1474 ltaliam

131 1491 319 1542 ervietoubus
329 1491 492 1557 permixtae,
510 1489 624 1543 hostilia
634 1491 830 1560 loquebantur:
859 1507 940 1559 prae·

130 1559 212 1624 cipua
226 1560 530 1627 quartadecimanorum
548 1561 661 1622 ferocia,
689 1562 737 1628 qui
751 1579 779 1615 se
791 1562 876 1613 rictas
891 1563 938 1613 ab·

130 1628 264 1683 nuebaut:
283 1628 380 1694 quippe
390 1626 567 1680 Bedriacensi
580 1629 649 1690 arie,
666 1629 819 1682 reaillariis
829 1639 948 1683 tunnas,

105 1696 223 1764 pulsis,
246 1696 316 1757 eires
335 1694 449 1764 legionis
468 1713 521 1748 nnn
538 1697 670 1767 adfuisse.
704 1700 819 1750 Remitti
839 1701 937 1751 eosein

129 1766 310 1828 Britanniam,
329 1765 402 1815 unde
412 1780 429 1815 a
439 1765 551 1817 Nerone
561 1767 645 1816 exciti
656 1774 744 1829 erant,
754 1767 871 1833 placuit3
896 1774 937 1819 at-

130 1848 184 1902 que
194 1836 304 1886 interim
315 1834 484 1885 Batavorum
496 1833 624 1886 cohortes
634 1850 691 1885 nna
700 1838 825 1900 tendere,
845 1837 882 1887 ob
891 1851 936 1888 re·

130 1910 219 1955 terem
239 1903 373 1971 adversus
388 1901 646 1969 quartadecimanos
666 1904 841 1957 discordiam.
876 1904 935 1956 Nec

37 2001 40 2010 ·
130 1971 186 2033 diu,
204 1974 232 2021 in
242 1973 328 2021 tantis
337 1976 505 2021 armatorum
516 1972 595 2032 odiis,
614 1974 694 2038 quies
705 1973 767 2024 fuit.
792 1977 933 2039 ingratae
1013 1995 1014 2016 a

68 2088 70 2101 ,
130 2039 395 2107 Ἰ“αυτὶηοωω,ᾱυηι
407 2037 533 2103 opificem
544 2042 813 2105 quendamBatarus
819 2046 851 2091 ut
861 2041 933 2092 irau-
1013 2039 1014 2066 ³

131 2107 258 2159 datorem
268 2109 429 2165 insectatur,
447 2105 616 2170 legionarius
632 2113 665 2156 ut
678 2107 815 2175 hospitem
832 2114 931 2170 tuetur,

131 2178 173 2227 sui
195 2177 294 2244 cuique
314 2173 516 2227 commilitones
536 2175 694 2242 adgregati,
712 2192 730 2226 a
749 2178 877 2236 conviciis
895 2176 931 2227 sd
1009 2227 1011 2234 ,

132 2245 242 2295 caedem
256 2246 402 2295 transiere.
438 2246 467 2291 et
481 2242 617 2306 proelium
632 2250 715 2295 atrox
729 2248 884 2307 exarsisset,
900 2246 929 2296 ni

130 2314 202 2365 duae
212 2313 373 2364 Praetoriae
385 2307 523 2372 cohortes,
542 2326 667 2362 massam
677 2314 929 2379 quartadecimano-

131 2396 192 2432 rum
203 2386 323 2445 secutae,
335 2378 376 2427 bis
386 2378 515 2428 fiduciam
526 2384 555 2429 et
564 2386 666 2431 metum
672 2382 785 2433 Batavis
794 2382 928 2434 fecissent.

131 2448 195 2519 quos
205 2447 336 2499 Vitellius
356 2444 463 2512 agimini
474 2445 626 2515 saoisngi,
643 2459 675 2497 ut
693 2450 777 2512 lidos3
795 2447 932 2519 legissem,

59 2529 61 2533 ’
137 2515 231 2570 Graiis
240 2514 351 2579 Alpibus
363 2514 529 2577 traductam,
547 2531 577 2565 eo
584 2514 664 2582 flexa
674 2516 781 2568 itineres
794 2518 836 2569 ire
849 2518 931 2582 iubet,

132 2600 183 2649 quo
199 2581 328 2634 Viennam
337 2580 464 2635 ruerent.
500 2597 620 2649 namque
634 2594 664 2635 et
673 2584 847 2638 Viennenses
854 2587 932 2639 time*
