2034 3025
165 128 200 183 54
285 96 508 204 snnnnrrn
528 124 683 195 [avesq.
703 124 775 178 ne
789 126 841 195 ιω

165 240 212 284 tae
222 231 330 283 Parthis
340 233 464 293 virtutes,
484 247 555 282 nora
563 221 645 297 vitiae
664 240 693 284 et
702 237 766 301 quia
775 237 899 299 ipsoram
910 251 966 287 mo·

166 304 243 353 ribus
254 301 352 362 aliena,
364 301 478 366 perinde
489 302 583 358 odium
592 304 681 367 pravis
693 308 721 353 et
731 302 865 374 honestis.

125 452 134 465 ,
219 404 266 455 111.
283 403 371 471 Igitur
389 403 557 465 Artabanus,
575 404 769 455 Arsacidarum
790 423 804 458 e
824 409 969 475 sanguine,

80 506 82 512 ·
168 472 239 538 apud
250 471 345 523 Dahas
355 472 475 533 adultus,
486 473 601 534 excitur,
612 474 755 540 primoque
766 490 916 542 congressu
927 478 968 526 su-

168 558 222 605 sus,
242 542 442 605 reparatvires,
462 555 604 607 regnoque
614 543 727 608 potitur.
762 542 845 596 Victo
856 544 969 596 Vononi
1008 566 1014 574 *

167 610 457 679 perfugiumArmenia
467 608 528 671 suit,
538 626 625 661 vacua
636 616 710 673 tunc,
719 612 846 679 interque
852 612 969 664 Partho-

167 696 230 732 rum
241 685 270 729 et
282 680 417 741 Romanas
430 693 495 743 opes
506 677 604 743 infida,
624 680 659 730 ob
674 680 763 731 scelus
774 683 901 743 Antonii,
920 683 968 747 qui

98 756 108 771 ²
168 747 347 809 Artavasden,
358 761 452 812 regem
461 747 664 811 Armeniorum,
675 753 767 815 specie
778 751 917 800 amicitiae
928 753 970 800 in·

169 818 279 876 lectum,
301 815 364 866 dein
376 817 478 865 eatenis
490 822 649 880 oneratum,
669 824 810 883 postremo
820 818 969 869 interfece-

169 890 222 936 rat.
259 885 324 933 Eius
334 884 558 946 iiliusArtaxias,
577 888 711 938 nienroria
731 890 819 954 patris
834 888 915 937 nohis
930 890 971 937 in-

169 953 272 1015 fensus,
287 954 479 1003 Arsacidarum
490 956 516 1003 vi
526 970 611 1021 seque
621 970 789 1023 regnumque
799 960 908 1006 tutatus
919 962 970 1006 est.

171 1023 259 1072 occiso
278 1024 392 1073 Artaxia
411 1036 460 1086 per
480 1023 574 1073 dolum
594 1027 825 1091 propinquorum,
845 1020 933 1090 ‘datus
955 1039 973 1073 a

171 1094 288 1143 Caesare
299 1090 434 1141 Armeniis
445 1093 593 1158 Tigranes,
614 1093 803 1159 deductusque
812 1095 841 1143 in
851 1108 970 1159 regnum

172 1176 189 1209 a
209 1160 321 1210 Tiberio
341 1158 459 1213 Nerone.
495 1160 554 1211 Nec
574 1163 598 1211 T
600 1163 688 1229 igrani
709 1162 869 1213 diuturnum
884 1164 969 1225 impe-

171 1230 244 1278 rium
265 1228 330 1286 fuit,
350 1242 439 1295 neque
459 1228 553 1279 liberis
573 1230 644 1293 eius,
664 1245 830 1298 quamquam
848 1231 970 1288 sociatis,

174 1312 250 1348 more
261 1302 384 1359 externo,
394 1298 423 1347 in
433 1299 636 1349 matrimonium
647 1314 825 1367 regnumque.

225 1397 270 1449 lV.
288 1399 360 1450 Dein
374 1399 451 1449 iussu
460 1402 576 1466 Augusti
591 1401 736 1467 impositus
745 1400 925 1462 Artavasdes,
945 1405 974 1450 et

174 1482 230 1520 non
241 1470 300 1521 sine
310 1467 388 1521 clade
398 1474 493 1520 nostra
504 1469 634 1521 deiectus.
662 1471 734 1522 Tum
746 1471 774 1522 G.
787 1471 890 1522 caesar
900 1484 973 1521 com-

164 1538 318 1605 ,ponendae
328 1539 475 1589 Armeniae
484 1538 623 1605 deligitur.
646 1540 672 1590 1s
682 1541 908 1602 Ariobarzanem,
920 1541 974 1589 ori·
1010 1519 1015 1601 i

175 1609 240 1674 gine
250 1606 376 1668 Medum,
394 1608 428 1657 ob
439 1609 573 1673 insignem
589 1610 713 1674 corporis
727 1608 843 1660 for-nram
855 1614 884 1672 et
893 1621 974 1673 prae·
1013 1612 1015 1707 y

176 1677 281 1726 clarum
292 1677 422 1735 animum,
432 1674 587 1726 volentibus
593 1679 727 1729 Armeniis
737 1676 878 1742 praefecit
896 1675 975 1726 Ario·

175 1745 295 1794 barzane
307 1747 395 1793 morte
407 1741 523 1795 fortuita
533 1746 685 1811 absumpto,
705 1747 817 1812 stirpem
828 1746 888 1796 eius
898 1742 975 1795 haud
1013 1798 1014 1803 ,

175 1810 343 1862 toleravere:
362 1814 524 1878 tentatoque
535 1813 653 1865 feminee
666 1814 798 1881 imperio,
817 1814 860 1863 cui
872 1827 973 1862 nomen
1013 1816 1014 1819 ’

176 1881 273 1940 Ereto,
292 1890 380 1946 eaque
390 1881 466 1932 brevi
477 1881 565 1947 pube,
580 1884 678 1934 incerti
688 1884 836 1950 solutique,
847 1887 877 1932 et
885 1882 975 1945 magis

177 1951 236 2000 sine
246 1948 357 1999 domino
368 1965 450 2016 quem
465 1952 494 2000 in
509 1950 647 2012 libertate,
666 1950 814 2019 profugam
829 1950 975 2003 Vononem
1013 1980 1014 1993 i

176 2020 206 2067 in
225 2032 340 2084 regnum
361 2019 505 2084 accipiunt.
542 2017 596 2071 Sed
611 2021 659 2072 ubi
674 2022 794 2072 minitari
808 2019 977 2078 Artabanus,

178 2092 206 2137 et
217 2101 315 2152 parum
325 2087 439 2138 subsidii
449 2089 477 2139 in
487 2090 631 2150 Armeniis,
641 2088 694 2150 rel,
704 2090 727 2138 si
738 2094 835 2140 nostra
843 2087 871 2136 ri
882 2085 977 2136 defen·

178 2155 301 2217 deretur,
322 2155 424 2206 bellum
444 2157 575 2208 adversus
590 2156 708 2221 Parthos
723 2155 886 2208 sumendum
901 2159 977 2215 erat3

178 2231 272 2276 rector
277 2222 383 2292 Syriae,
394 2226 517 2277 Creticus
528 2222 648 2288 Silanus,
657 2226 777 2280 excitum
788 2222 917 2275 custodia
926 2225 975 2272 cir-

179 2294 301 2356 cumdat,
319 2295 525 2345 manenteluxu
536 2294 651 2359 etregio
666 2295 785 2344 nomine.
813 2290 887 2359 quod
905 2289 978 2340 ludi·

179 2363 270 2481 larium
288 2369 318 2414 ut
337 2360 459 2430 effugere
478 2363 625 2428 agitaverit
633 2363 774 2424 Vonones,
792 2361 822 2411 in
838 2358 980 2433 iocosed-

201 2447 285 2482 emus

233 2500 268 2551 V.
289 2499 415 2550 Ceterum
428 2497 540 2548 Tiberio
550 2495 624 2548 haud
639 2498 777 2565 ingratum
789 2496 904 2558 accidit,
922 2501 981 2545 tur-

152 2565 154 2570 '
180 2567 242 2618 bari
262 2581 306 2619 res
321 2567 456 2626 Orientis3
475 2570 506 2613 ut
526 2579 560 2614 ea
578 2567 668 2632 specie
683 2566 879 2616 Germanicum
893 2566 983 2615 suetis

171 2635 336 2702 ¹legionibus
352 2630 532 2694 abstraheret,
551 2635 683 2700 novisque
703 2636 850 2698 pmrinciis
868 2633 980 2695 imposi-
