2034 3025
75 1584 79 1595 Ι
153 1534 276 1583 maxime

62 163 65 168 ,
157 119 211 176 em
279 116 506 171 nuunmvur
527 95 841 194 inane-nasu]

161 193 954 214 mm

124 253 129 271 t
157 221 640 293 sonemcliencefacundioeegaisse.
668 221 738 274 Nam
749 223 881 288 Dictator
891 230 961 284 Cae·

157 309 206 346 sar
221 293 336 344 srrmmis
351 291 511 342 oratoribus
528 291 666 341 aemulus:
686 294 851 360 etAugusto
866 312 961 362 prom.

156 368 250 430 pta'ac
260 361 411 428 prolluens,
432 373 503 426 quac
513 358 627 410 deceret
637 359 805 426 Principem,
821 364 960 433 eloquen.

158 429 273 482 tiafuit.
310 428 441 479 Tiberius
458 432 548 477 artem
558 442 668 494 quoque
678 430 811 493 callebat,
832 448 959 498 quarer-

155 497 193 552 ba
204 496 390 564 expenderet,
415 501 475 546 tum
485 497 594 546 validus
604 498 746 559 sensibus,
768 505 817 549 aut
826 505 958 558 consulto

157 567 313 634 ambiguus.
347 565 441 615 Etiam
453 566 481 615 G,
493 565 622 616 Caesaris
633 566 748 617 turbata
762 583 840 618 mens
850 571 906 620 vim
918 573 959 622 di·

157 635 242 688 cendi
250 649 307 684 non
317 635 450 698 corrupit.
486 633 585 684 Neciu
598 633 727 697 Claudio,
759 638 958 702 quotiensme·

156 705 248 756 ditata
274 702 441 764 dissereret,
472 701 643 769 elegantiam
667 705 835 770 requireres.
878 707 957 763 Nero

155 771 312 840 puerilibus
323 772 418 822 statim
434 772 515 822 annis
525 771 645 821 vividum
660 773 783 837 animum
797 774 828 822 iu
837 775 895 826 alia
905 775 970 828 de-‘

155 843 265 908 torsits
275 840 394 902 caelare,
413 841 546 907 pingere,
564 845 662 889 cautus
675 846 723 890 aut
733 843 858 908 regimen
870 859 957 911 equo·

91 915 116 954 f·
155 923 218 961 rum
229 909 375 960 exercerc:
394 916 423 960 et
433 908 594 976 aliquando,
609 910 778 960 carminibus
790 913 957 979 pangendis,

154 969 250 1031 ihesse
261 978 315 1027 sibi
326 979 466 1028 elementa
476 977 621 1028 doctrinae
633 977 808 1029 ostendebat.

206 1043 252 1099 IV.
281 1047 426 1110 Ceterum,
455 1048 576 1113 peractis
600 1047 737 1097 tristitiae
760 1049 957 1116 imitamentis,

155 1115 261 1168 maiam
271 1116 431 1184 ingressus,
450 1123 478 1166 et
489 1116 520 1167 de
530 1115 696 1167 auctoritate
707 1115 840 1179 Petrum,
858 1125 886 1168 et
894 1135 958 1172 con·

154 1199 232 1238 sensu
242 1183 359 1235 militurn
372 1183 530 1249 praefatus,
556 1183 668 1236 asardis
682 1182 770 1235 sibiet
780 1189 899 1252 exempla
910 1204 959 1239 ca·

151 1253 276 1324 pertendi
294 1252 402 1320 egregie
414 1251 527 1320 imperii
546 1253 723 1304 memoravit:
750 1271 799 1305 nec
817 1254 957 1307 inventam

154 1322 239 1388 armis
250 1320 385 1384 uirilibus,
408 1331 457 1372 aut
472 1322 622 1374 domesticis
633 1319 785 1385 discordiis,
809 1322 958 1376 imbutam.-

153 1389 958 1464 nullabdia,nullatiniarias,neecupidinemaltionisadfer-

153 1477 193 1515 re.
214 1460 518 1583 TumJermamfuturi
528 1459 707 1528 Principatus
717 1463 910 1529 praescripsit,
922 1477 959 1515 ea

306 1531 441 1593 eclinans,
458 1547 575 1599 quorum
587 1546 685 1581 recens
695 1528 833 1597 flagrabat
842 1532 959 1583 inuidia

153 1598 181 1653 N
185 1618 218 1654 on
223 1600 291 1653 enim
297 1600 498 1667 senegctioram
503 1599 619 1651 cranium
628 1598 740 1650 indicem
746 1599 821 1669 fore,
833 1610 872 1662 ut,
883 1606 959 1655 clarc

153 1669 190 1722 sis
198 1685 280 1723 anam
288 1668 364 1721 intra
375 1670 480 1719 doricum
489 1666 694 1720 adcusmoribus
706 1674 732 1715 et
737 1665 799 1728 reis,
804 1683 960 1732 postrorum

151 1738 277 1807 potentia
285 1745 472 1805 grassaretur.
501 1734 582 1785 Nibil
589 1733 619 1782 in
630 1732 778 1784 Penatibus
788 1735 845 1784 suis
854 1739 960 1801 renale,

153 1815 205 1861 aab
219 1803 360 1858 ambitioni
371 1804 510 1870 persium.-
540 1801 682 1851 discretam
700 1800 804 1849 derisam
819 1809 846 1851 et
859 1800 959 1871 Remp.

157 1874 273 1929 Teneret
283 1872 396 1938 antiqua
411 1870 503 1923 insania
516 1868 647 1920 Senatus.-
674 1863 816 1917 Consulum
832 1868 959 1924 tribuna·

152 1942 332 2002 libasltalia,
360 1938 521 2006 etpublicae
536 1934 694 2003 provinciae
703 1935 871 1990 adsisterent.
908 1939 959 1993 lm·

153 2013 274 2066 Petram
284 2009 386 2061 aditam
398 2006 575 2075 praeberent:
603 2020 631 2054 se
646 2004 780 2055 mendatis
791 2007 957 2061 exercitibus

152 2081 347 2135 consultorum.
384 2077 443 2127 Nec
453 2072 543 2125 defuit
552 2072 631 2123 tides.
654 2115 657 2123 .

205 2148 236 2201 V.
258 2147 404 2212 Multaque
425 2142 545 2194 arbitrio
560 2140 681 2194 Senatus
700 2146 858 2197 constituta
873 2151 955 2198 sunt:

152 2215 193 2273 Ne
203 2217 305 2285 qaisad
313 2229 434 2267 caussam
444 2212 573 2264 orandam
582 2214 699 2264 mercede
714 2222 763 2263 aut
772 2214 848 2265 denis
859 2230 956 2267 emere·

152 2297 215 2341 tarr
224 2305 257 2341 ne
267 2283 415 2354 designatis
428 2279 622 2347 Quaestoribus
633 2281 725 2333 edendi
732 2283 902 2350 gladiatores
909 2300 955 2335 ne·

153 2356 265 2411 cessitas
276 2362 350 2408 esset.
387 2352 466 2416 Quod
483 2351 595 2419 quidem
609 2349 778 2401 adversante
790 2353 952 2418 Agrippina,

154 2436 293 2498 tantpaam
303 2432 365 2477 aeta
377 2421 486 2475 Claudii
496 2420 724 2483 subverterentur,
744 2420 893 2471 obtinuere
904 2420 953 2474 l’a·

153 2503 227 2551 tres:
248 2498 334 2566 quiin
344 2494 478 2562 palatium
489 2492 525 2543 ob
535 2489 564 2541 id
574 2490 754 2550 vocabantur,
774 2494 807 2540 ut
816 2490 953 2554 adstaret,

154 2568 260 2625 obditis
280 2556 340 2620 ate
357 2579 393 2632 go
408 2563 516 2615 loribus
531 2560 594 2612 velo
611 2560 748 2621 discreta,
779 2559 854 2626 quod
863 2560 953 2611 visum

153 2646 280 2706 arceret,
308 2652 344 2691 au
365 2637 434 2688 'tum
453 2648 512 2687 nou
530 2630 678 2684 adimeret.
713 2629 788 2696 Quin
808 2633 837 2685 et
850 2628 953 2696 legatis

345 2854 347 2861 ’
446 2876 457 2911 r
