<?xml version="1.0" encoding="UTF-8"?>
<!DOCTYPE html PUBLIC "-//W3C//DTD XHTML 1.0 Transitional//EN"
    "http://www.w3.org/TR/xhtml1/DTD/xhtml1-transitional.dtd">
<html xmlns="http://www.w3.org/1999/xhtml" xml:lang="en" lang="en">
 <head>
  <title>
</title>
<meta http-equiv="Content-Type" content="text/html;charset=utf-8" />
  <meta name='ocr-system' content='tesseract 3.04.00' />
  <meta name='ocr-capabilities' content='ocr_page ocr_carea ocr_par ocr_line ocrx_word'/>
</head>
<body>
  <div class='ocr_page' id='page_1' title='image "./ccorneliitaciti00socigoog/ccorneliitaciti00socigoog_0532.png"; bbox 0 0 2034 3025; ppageno 0'>
   <div class='ocr_carea' id='block_1_1' title="bbox 78 115 878 207">
    <p class='ocr_par' dir='ltr' id='par_1_1' title="bbox 78 115 878 207">
     <span class='ocr_line' id='line_1_1' title="bbox 78 115 878 207; baseline 0 -36"><span class='ocrx_word' id='word_1_1' title='bbox 78 117 217 206; x_wconf 37' lang='lat' dir='ltr'>„lgm</span> <span class='ocrx_word' id='word_1_2' title='bbox 227 117 260 168; x_wconf 89' lang='lat' dir='ltr'>ll.</span> <span class='ocrx_word' id='word_1_3' title='bbox 273 115 403 170; x_wconf 68' lang='lat' dir='ltr'>camsi.</span> <span class='ocrx_word' id='word_1_4' title='bbox 416 116 459 169; x_wconf 84' lang='lat'>82.</span> <span class='ocrx_word' id='word_1_5' title='bbox 496 116 541 183; x_wconf 79' lang='lat' dir='ltr'>[A.</span> <span class='ocrx_word' id='word_1_6' title='bbox 550 120 582 171; x_wconf 83' lang='lat' dir='ltr'>V·</span> <span class='ocrx_word' id='word_1_7' title='bbox 593 120 686 175; x_wconf 70' lang='lat' dir='ltr'>saal.</span> <span class='ocrx_word' id='word_1_8' title='bbox 698 120 727 173; x_wconf 83' lang='lat' dir='ltr'>C.</span> <span class='ocrx_word' id='word_1_9' title='bbox 739 118 878 207; x_wconf 35' lang='lat' dir='ltr'>7o.]—-“10l</span> 
     </span>
    </p>
   </div>
   <div class='ocr_carea' id='block_1_2' title="bbox 74 220 885 908">
    <p class='ocr_par' dir='ltr' id='par_1_2' title="bbox 74 220 885 908">
     <span class='ocr_line' id='line_1_2' title="bbox 74 220 881 290; baseline 0.006 -19"><span class='ocrx_word' id='word_1_10' title='bbox 74 225 175 290; x_wconf 86' lang='lat' dir='ltr'>ingens</span> <span class='ocrx_word' id='word_1_11' title='bbox 184 226 213 274; x_wconf 88' lang='lat' dir='ltr'>et</span> <span class='ocrx_word' id='word_1_12' title='bbox 228 221 435 271; x_wconf 74' lang='lat' dir='ltr'>inservientium</span> <span class='ocrx_word' id='word_1_13' title='bbox 449 220 554 287; x_wconf 82' lang='lat' dir='ltr'>Regum</span> <span class='ocrx_word' id='word_1_14' title='bbox 570 220 730 273; x_wconf 87' lang='lat' dir='ltr'>ditissimus.</span> <span class='ocrx_word' id='word_1_15' title='bbox 752 237 816 279; x_wconf 78' lang='lat' dir='ltr'>snox</span> <span class='ocrx_word' id='word_1_16' title='bbox 830 237 881 290; x_wconf 83' lang='lat' dir='ltr'>per</span> 
     </span>
     <span class='ocr_line' id='line_1_3' title="bbox 75 290 881 359; baseline -0.005 -14"><span class='ocrx_word' id='word_1_17' title='bbox 75 291 200 345; x_wconf 90' lang='lat' dir='ltr'>occultos</span> <span class='ocrx_word' id='word_1_18' title='bbox 220 304 334 341; x_wconf 86' lang='lat' dir='ltr'>suorum</span> <span class='ocrx_word' id='word_1_19' title='bbox 354 290 467 340; x_wconf 88' lang='lat' dir='ltr'>nuntios</span> <span class='ocrx_word' id='word_1_20' title='bbox 485 290 592 341; x_wconf 82' lang='lat' dir='ltr'>excitus</span> <span class='ocrx_word' id='word_1_21' title='bbox 612 291 647 341; x_wconf 88' lang='lat' dir='ltr'>ab</span> <span class='ocrx_word' id='word_1_22' title='bbox 667 292 736 343; x_wconf 88' lang='lat' dir='ltr'>urbs</span> <span class='ocrx_word' id='word_1_23' title='bbox 751 293 881 359; x_wconf 79' lang='lat' dir='ltr'>Agrippa,</span> 
     </span>
     <span class='ocr_line' id='line_1_4' title="bbox 75 356 880 428; baseline 0.001 -15"><span class='ocrx_word' id='word_1_24' title='bbox 75 364 175 428; x_wconf 88' lang='lat' dir='ltr'>ignaro</span> <span class='ocrx_word' id='word_1_25' title='bbox 186 356 277 410; x_wconf 88' lang='lat' dir='ltr'>adhuc</span> <span class='ocrx_word' id='word_1_26' title='bbox 286 357 418 421; x_wconf 86' lang='lat' dir='ltr'>Vitellio,</span> <span class='ocrx_word' id='word_1_27' title='bbox 437 357 521 409; x_wconf 89' lang='lat' dir='ltr'>celeri</span> <span class='ocrx_word' id='word_1_28' title='bbox 532 360 708 425; x_wconf 80' lang='lat' dir='ltr'>navigatione</span> <span class='ocrx_word' id='word_1_29' title='bbox 717 374 880 427; x_wconf 76' lang='lat' dir='ltr'>properare</span> 
     </span>
     <span class='ocr_line' id='line_1_5' title="bbox 74 418 880 495; baseline 0 -14"><span class='ocrx_word' id='word_1_30' title='bbox 74 435 128 481; x_wconf 89' lang='lat' dir='ltr'>rat.</span> <span class='ocrx_word' id='word_1_31' title='bbox 164 442 216 485; x_wconf 83' lang='lat' dir='ltr'>nec</span> <span class='ocrx_word' id='word_1_32' title='bbox 230 428 338 478; x_wconf 86' lang='lat' dir='ltr'>minure</span> <span class='ocrx_word' id='word_1_33' title='bbox 354 428 445 478; x_wconf 88' lang='lat' dir='ltr'>animo</span> <span class='ocrx_word' id='word_1_34' title='bbox 460 427 566 494; x_wconf 83' lang='lat' dir='ltr'>Regina</span> <span class='ocrx_word' id='word_1_35' title='bbox 581 418 715 480; x_wconf 80' lang='lat' dir='ltr'>Berenice</span> <span class='ocrx_word' id='word_1_36' title='bbox 731 436 824 495; x_wconf 83' lang='lat' dir='ltr'>partes</span> <span class='ocrx_word' id='word_1_37' title='bbox 840 432 880 481; x_wconf 90' lang='lat' dir='ltr'>iu·</span> 
     </span>
     <span class='ocr_line' id='line_1_6' title="bbox 74 494 882 565; baseline 0 -14"><span class='ocrx_word' id='word_1_38' title='bbox 74 496 169 559; x_wconf 65' lang='lat' dir='ltr'>sabat,</span> <span class='ocrx_word' id='word_1_39' title='bbox 177 494 278 547; x_wconf 80' lang='lat' dir='ltr'>florens</span> <span class='ocrx_word' id='word_1_40' title='bbox 289 500 383 548; x_wconf 84' lang='lat' dir='ltr'>aetate</span> <span class='ocrx_word' id='word_1_41' title='bbox 394 495 546 564; x_wconf 84' lang='lat' dir='ltr'>formaque,</span> <span class='ocrx_word' id='word_1_42' title='bbox 557 501 585 548; x_wconf 88' lang='lat' dir='ltr'>et</span> <span class='ocrx_word' id='word_1_43' title='bbox 595 502 654 548; x_wconf 90' lang='lat' dir='ltr'>seni</span> <span class='ocrx_word' id='word_1_44' title='bbox 667 496 882 565; x_wconf 86' lang='lat' dir='ltr'>quoqueVespa-</span> 
     </span>
     <span class='ocr_line' id='line_1_7' title="bbox 75 566 883 634; baseline 0 -15"><span class='ocrx_word' id='word_1_45' title='bbox 75 570 157 620; x_wconf 85' lang='lat' dir='ltr'>siano</span> <span class='ocrx_word' id='word_1_46' title='bbox 167 566 372 631; x_wconf 75' lang='lat' dir='ltr'>magnificentia</span> <span class='ocrx_word' id='word_1_47' title='bbox 386 580 532 617; x_wconf 85' lang='lat' dir='ltr'>munerum</span> <span class='ocrx_word' id='word_1_48' title='bbox 543 572 632 633; x_wconf 85' lang='lat' dir='ltr'>grata.</span> <span class='ocrx_word' id='word_1_49' title='bbox 668 566 809 634; x_wconf 79' lang='lat' dir='ltr'>Quidquid</span> <span class='ocrx_word' id='word_1_50' title='bbox 820 582 883 633; x_wconf 88' lang='lat' dir='ltr'>pro·</span> 
     </span>
     <span class='ocr_line' id='line_1_8' title="bbox 75 633 884 702; baseline -0.001 -14"><span class='ocrx_word' id='word_1_51' title='bbox 75 637 230 689; x_wconf 75' lang='lat' dir='ltr'>vincianam</span> <span class='ocrx_word' id='word_1_52' title='bbox 250 633 375 683; x_wconf 86' lang='lat' dir='ltr'>adluitur</span> <span class='ocrx_word' id='word_1_53' title='bbox 393 634 472 696; x_wconf 86' lang='lat' dir='ltr'>mari,</span> <span class='ocrx_word' id='word_1_54' title='bbox 490 636 556 685; x_wconf 79' lang='lat' dir='ltr'>Asia</span> <span class='ocrx_word' id='word_1_55' title='bbox 575 640 660 702; x_wconf 86' lang='lat' dir='ltr'>atque</span> <span class='ocrx_word' id='word_1_56' title='bbox 669 634 772 687; x_wconf 79' lang='lat' dir='ltr'>Achaia</span> <span class='ocrx_word' id='word_1_57' title='bbox 792 642 884 699; x_wconf 88' lang='lat' dir='ltr'>tenus,</span> 
     </span>
     <span class='ocr_line' id='line_1_9' title="bbox 76 702 885 774; baseline 0.001 -19"><span class='ocrx_word' id='word_1_58' title='bbox 76 709 265 774; x_wconf 89' lang='lat' dir='ltr'>quantumque</span> <span class='ocrx_word' id='word_1_59' title='bbox 275 702 412 753; x_wconf 89' lang='lat' dir='ltr'>introrsus</span> <span class='ocrx_word' id='word_1_60' title='bbox 431 704 460 752; x_wconf 93' lang='lat' dir='ltr'>in</span> <span class='ocrx_word' id='word_1_61' title='bbox 471 703 590 754; x_wconf 88' lang='lat' dir='ltr'>Pontum</span> <span class='ocrx_word' id='word_1_62' title='bbox 608 710 637 755; x_wconf 90' lang='lat' dir='ltr'>ot</span> <span class='ocrx_word' id='word_1_63' title='bbox 646 706 789 756; x_wconf 80' lang='lat' dir='ltr'>Armenios</span> <span class='ocrx_word' id='word_1_64' title='bbox 808 711 885 773; x_wconf 90' lang='lat' dir='ltr'>pate·</span> 
     </span>
     <span class='ocr_line' id='line_1_10' title="bbox 77 770 885 840; baseline 0 -15"><span class='ocrx_word' id='word_1_65' title='bbox 77 775 139 834; x_wconf 79' lang='lat' dir='ltr'>scit,</span> <span class='ocrx_word' id='word_1_66' title='bbox 149 772 284 830; x_wconf 82' lang='lat' dir='ltr'>iuravere.</span> <span class='ocrx_word' id='word_1_67' title='bbox 311 770 360 823; x_wconf 87' lang='lat' dir='ltr'>sed</span> <span class='ocrx_word' id='word_1_68' title='bbox 370 774 488 823; x_wconf 86' lang='lat' dir='ltr'>inermes</span> <span class='ocrx_word' id='word_1_69' title='bbox 498 772 599 839; x_wconf 82' lang='lat' dir='ltr'>Legati</span> <span class='ocrx_word' id='word_1_70' title='bbox 610 774 751 840; x_wconf 85' lang='lat' dir='ltr'>regebant,</span> <span class='ocrx_word' id='word_1_71' title='bbox 762 774 885 825; x_wconf 88' lang='lat' dir='ltr'>nondum</span> 
     </span>
     <span class='ocr_line' id='line_1_11' title="bbox 78 839 885 908; baseline 0 -14"><span class='ocrx_word' id='word_1_72' title='bbox 78 839 382 906; x_wconf 85' lang='lat' dir='ltr'>additis·Cappadociae</span> <span class='ocrx_word' id='word_1_73' title='bbox 397 840 563 908; x_wconf 81' lang='lat' dir='ltr'>legionibus.</span> <span class='ocrx_word' id='word_1_74' title='bbox 599 842 752 893; x_wconf 86' lang='lat' dir='ltr'>Consilium</span> <span class='ocrx_word' id='word_1_75' title='bbox 768 843 802 895; x_wconf 88' lang='lat' dir='ltr'>de</span> <span class='ocrx_word' id='word_1_76' title='bbox 812 858 885 894; x_wconf 87' lang='lat' dir='ltr'>sum·</span> 
     </span>
    </p>
   </div>
   <div class='ocr_carea' id='block_1_3' title="bbox 79 907 976 975">
    <p class='ocr_par' dir='ltr' id='par_1_3' title="bbox 79 907 976 975">
     <span class='ocr_line' id='line_1_12' title="bbox 79 907 976 975; baseline 0.001 -13"><span class='ocrx_word' id='word_1_77' title='bbox 79 924 228 963; x_wconf 87' lang='lat' dir='ltr'>marerum</span> <span class='ocrx_word' id='word_1_78' title='bbox 239 909 337 975; x_wconf 87' lang='lat' dir='ltr'>Beryti</span> <span class='ocrx_word' id='word_1_79' title='bbox 347 907 480 961; x_wconf 85' lang='lat' dir='ltr'>habiturn.</span> <span class='ocrx_word' id='word_1_80' title='bbox 516 909 584 975; x_wconf 87' lang='lat' dir='ltr'>illuc</span> <span class='ocrx_word' id='word_1_81' title='bbox 593 910 750 975; x_wconf 87' lang='lat' dir='ltr'>Mucianus,</span> <span class='ocrx_word' id='word_1_82' title='bbox 761 928 822 964; x_wconf 92' lang='lat' dir='ltr'>cum</span> <span class='ocrx_word' id='word_1_83' title='bbox 833 912 886 965; x_wconf 87' lang='lat' dir='ltr'>Le·</span> <span class='ocrx_word' id='word_1_84' title='bbox 972 934 976 947; x_wconf 69' lang='lat'>,</span> 
     </span>
    </p>
   </div>
   <div class='ocr_carea' id='block_1_4' title="bbox 78 978 887 1392">
    <p class='ocr_par' dir='ltr' id='par_1_4' title="bbox 78 978 887 1392">
     <span class='ocr_line' id='line_1_13' title="bbox 79 978 886 1048; baseline 0.001 -18"><span class='ocrx_word' id='word_1_85' title='bbox 79 981 152 1048; x_wconf 87' lang='lat' dir='ltr'>gatis</span> <span class='ocrx_word' id='word_1_86' title='bbox 162 979 345 1045; x_wconf 79' lang='lat' dir='ltr'>Tribunisque</span> <span class='ocrx_word' id='word_1_87' title='bbox 355 983 384 1029; x_wconf 91' lang='lat' dir='ltr'>et</span> <span class='ocrx_word' id='word_1_88' title='bbox 393 978 616 1043; x_wconf 86' lang='lat' dir='ltr'>splendidissimo</span> <span class='ocrx_word' id='word_1_89' title='bbox 627 996 737 1048; x_wconf 90' lang='lat' dir='ltr'>quoque</span> <span class='ocrx_word' id='word_1_90' title='bbox 744 982 886 1033; x_wconf 85' lang='lat' dir='ltr'>Centurio·</span> 
     </span>
     <span class='ocr_line' id='line_1_14' title="bbox 78 1048 886 1121; baseline 0.001 -20"><span class='ocrx_word' id='word_1_91' title='bbox 78 1064 145 1101; x_wconf 90' lang='lat' dir='ltr'>num</span> <span class='ocrx_word' id='word_1_92' title='bbox 155 1062 188 1100; x_wconf 84' lang='lat' dir='ltr'>uc</span> <span class='ocrx_word' id='word_1_93' title='bbox 196 1048 325 1109; x_wconf 90' lang='lat' dir='ltr'>militum,</span> <span class='ocrx_word' id='word_1_94' title='bbox 335 1049 424 1098; x_wconf 81' lang='lat' dir='ltr'>venit:</span> <span class='ocrx_word' id='word_1_95' title='bbox 436 1052 466 1097; x_wconf 85' lang='lat' dir='ltr'>et</span> <span class='ocrx_word' id='word_1_96' title='bbox 476 1064 491 1098; x_wconf 92' lang='lat' dir='ltr'>e</span> <span class='ocrx_word' id='word_1_97' title='bbox 502 1048 613 1098; x_wconf 88' lang='lat' dir='ltr'>ludaico</span> <span class='ocrx_word' id='word_1_98' title='bbox 625 1051 748 1121; x_wconf 77' lang='lat' dir='ltr'>exercitu</span> <span class='ocrx_word' id='word_1_99' title='bbox 759 1050 831 1103; x_wconf 85' lang='lat' dir='ltr'>lecta</span> <span class='ocrx_word' id='word_1_100' title='bbox 840 1050 886 1102; x_wconf 82' lang='lat' dir='ltr'>de·</span> 
     </span>
     <span class='ocr_line' id='line_1_15' title="bbox 80 1115 886 1185; baseline 0.002 -17"><span class='ocrx_word' id='word_1_101' title='bbox 80 1132 154 1169; x_wconf 78' lang='lat' dir='ltr'>cora</span> <span class='ocrx_word' id='word_1_102' title='bbox 189 1118 311 1167; x_wconf 86' lang='lat' dir='ltr'>Tantum</span> <span class='ocrx_word' id='word_1_103' title='bbox 322 1115 406 1165; x_wconf 92' lang='lat' dir='ltr'>simul</span> <span class='ocrx_word' id='word_1_104' title='bbox 416 1116 541 1181; x_wconf 89' lang='lat' dir='ltr'>peditum</span> <span class='ocrx_word' id='word_1_105' title='bbox 553 1118 739 1185; x_wconf 85' lang='lat' dir='ltr'>equitumque,</span> <span class='ocrx_word' id='word_1_106' title='bbox 755 1125 783 1169; x_wconf 90' lang='lat' dir='ltr'>et</span> <span class='ocrx_word' id='word_1_107' title='bbox 794 1134 886 1170; x_wconf 79' lang='lat' dir='ltr'>sensu·</span> 
     </span>
     <span class='ocr_line' id='line_1_16' title="bbox 80 1185 886 1254; baseline 0.005 -17"><span class='ocrx_word' id='word_1_108' title='bbox 80 1186 198 1238; x_wconf 88' lang='lat' dir='ltr'>lantium</span> <span class='ocrx_word' id='word_1_109' title='bbox 214 1186 289 1235; x_wconf 86' lang='lat' dir='ltr'>inter</span> <span class='ocrx_word' id='word_1_110' title='bbox 302 1200 332 1236; x_wconf 92' lang='lat' dir='ltr'>se</span> <span class='ocrx_word' id='word_1_111' title='bbox 350 1185 457 1253; x_wconf 83' lang='lat' dir='ltr'>Regum</span> <span class='ocrx_word' id='word_1_112' title='bbox 472 1190 601 1252; x_wconf 81' lang='lat' dir='ltr'>paratus,</span> <span class='ocrx_word' id='word_1_113' title='bbox 620 1190 740 1254; x_wconf 84' lang='lat' dir='ltr'>speciem</span> <span class='ocrx_word' id='word_1_114' title='bbox 756 1186 886 1240; x_wconf 80' lang='lat' dir='ltr'>fortunae</span> 
     </span>
     <span class='ocr_line' id='line_1_17' title="bbox 81 1240 730 1320; baseline -0.02 -9"><span class='ocrx_word' id='word_1_115' title='bbox 81 1251 417 1320; x_wconf 80' lang='lat' dir='ltr'>Principaliseffecerant.</span> <span class='ocrx_word' id='word_1_116' title='bbox 713 1240 730 1289; x_wconf 61' lang='grc' dir='ltr'><strong><em>ἶ</em></strong></span> 
     </span>
     <span class='ocr_line' id='line_1_18' title="bbox 133 1322 887 1392; baseline 0.003 -15"><span class='ocrx_word' id='word_1_117' title='bbox 133 1323 273 1377; x_wconf 82' lang='lat' dir='ltr'>LXXXll.</span> <span class='ocrx_word' id='word_1_118' title='bbox 309 1322 403 1375; x_wconf 85' lang='lat' dir='ltr'>Prima</span> <span class='ocrx_word' id='word_1_119' title='bbox 416 1323 484 1375; x_wconf 87' lang='lat' dir='ltr'>belli</span> <span class='ocrx_word' id='word_1_120' title='bbox 499 1340 577 1387; x_wconf 89' lang='lat' dir='ltr'>cura,</span> <span class='ocrx_word' id='word_1_121' title='bbox 593 1339 676 1392; x_wconf 86' lang='lat' dir='ltr'>agere</span> <span class='ocrx_word' id='word_1_122' title='bbox 687 1325 823 1378; x_wconf 84' lang='lat' dir='ltr'>delectus:</span> <span class='ocrx_word' id='word_1_123' title='bbox 844 1342 887 1379; x_wconf 85' lang='lat' dir='ltr'>rs·</span> 
     </span>
    </p>
   </div>
   <div class='ocr_carea' id='block_1_5' title="bbox 81 1391 967 1457">
    <p class='ocr_par' dir='ltr' id='par_1_5' title="bbox 81 1391 967 1457">
     <span class='ocr_line' id='line_1_19' title="bbox 81 1391 967 1457; baseline 0.008 -16"><span class='ocrx_word' id='word_1_124' title='bbox 81 1406 182 1443; x_wconf 82' lang='lat' dir='ltr'>vocare</span> <span class='ocrx_word' id='word_1_125' title='bbox 192 1396 346 1443; x_wconf 83' lang='lat' dir='ltr'>veteranos.</span> <span class='ocrx_word' id='word_1_126' title='bbox 385 1391 561 1444; x_wconf 86' lang='lat' dir='ltr'>destinantur</span> <span class='ocrx_word' id='word_1_127' title='bbox 575 1394 683 1445; x_wconf 82' lang='lat' dir='ltr'>validae</span> <span class='ocrx_word' id='word_1_128' title='bbox 698 1396 823 1447; x_wconf 80' lang='lat' dir='ltr'>civitates</span> <span class='ocrx_word' id='word_1_129' title='bbox 840 1410 887 1447; x_wconf 85' lang='lat' dir='ltr'>ex·</span> <span class='ocrx_word' id='word_1_130' title='bbox 964 1426 967 1457; x_wconf 67' lang='grc' dir='ltr'><strong>χ</strong></span> 
     </span>
    </p>
   </div>
   <div class='ocr_carea' id='block_1_6' title="bbox 82 1460 888 1599">
    <p class='ocr_par' dir='ltr' id='par_1_6' title="bbox 82 1460 888 1599">
     <span class='ocr_line' id='line_1_20' title="bbox 82 1460 888 1529; baseline 0.004 -16"><span class='ocrx_word' id='word_1_131' title='bbox 82 1460 210 1513; x_wconf 79' lang='lat' dir='ltr'>ersendis</span> <span class='ocrx_word' id='word_1_132' title='bbox 229 1474 370 1510; x_wconf 89' lang='lat' dir='ltr'>armorum</span> <span class='ocrx_word' id='word_1_133' title='bbox 381 1460 512 1512; x_wconf 83' lang='lat' dir='ltr'>cilicinis:</span> <span class='ocrx_word' id='word_1_134' title='bbox 534 1462 606 1529; x_wconf 89' lang='lat' dir='ltr'>apud</span> <span class='ocrx_word' id='word_1_135' title='bbox 622 1460 822 1516; x_wconf 79' lang='lat' dir='ltr'>Antiochenses</span> <span class='ocrx_word' id='word_1_136' title='bbox 841 1479 888 1516; x_wconf 87' lang='lat' dir='ltr'>su-</span> 
     </span>
     <span class='ocr_line' id='line_1_21' title="bbox 82 1531 888 1599; baseline 0.005 -18"><span class='ocrx_word' id='word_1_137' title='bbox 82 1544 144 1582; x_wconf 87' lang='lat' dir='ltr'>rum</span> <span class='ocrx_word' id='word_1_138' title='bbox 164 1532 365 1595; x_wconf 74' lang='lat' dir='ltr'>argentumque</span> <span class='ocrx_word' id='word_1_139' title='bbox 384 1531 522 1597; x_wconf 68' lang='lat' dir='ltr'>signatore</span> <span class='ocrx_word' id='word_1_140' title='bbox 542 1545 629 1598; x_wconf 86' lang='lat' dir='ltr'>eaque</span> <span class='ocrx_word' id='word_1_141' title='bbox 645 1537 745 1583; x_wconf 83' lang='lat' dir='ltr'>cuncta</span> <span class='ocrx_word' id='word_1_142' title='bbox 761 1547 811 1599; x_wconf 84' lang='lat' dir='ltr'>per</span> <span class='ocrx_word' id='word_1_143' title='bbox 830 1533 888 1585; x_wconf 87' lang='lat' dir='ltr'>ido-</span> 
     </span>
    </p>
   </div>
   <div class='ocr_carea' id='block_1_7' title="bbox 81 1598 1015 1666">
    <p class='ocr_par' dir='ltr' id='par_1_7' title="bbox 81 1598 1015 1666">
     <span class='ocr_line' id='line_1_22' title="bbox 81 1598 1015 1666; baseline 0.005 -16"><span class='ocrx_word' id='word_1_144' title='bbox 81 1611 151 1650; x_wconf 87' lang='lat' dir='ltr'>neos</span> <span class='ocrx_word' id='word_1_145' title='bbox 170 1598 326 1658; x_wconf 85' lang='lat' dir='ltr'>ministros,</span> <span class='ocrx_word' id='word_1_146' title='bbox 344 1599 402 1648; x_wconf 88' lang='lat' dir='ltr'>suis</span> <span class='ocrx_word' id='word_1_147' title='bbox 422 1613 547 1666; x_wconf 80' lang='lat' dir='ltr'>quaeque</span> <span class='ocrx_word' id='word_1_148' title='bbox 567 1599 650 1662; x_wconf 88' lang='lat' dir='ltr'>locis,</span> <span class='ocrx_word' id='word_1_149' title='bbox 675 1599 887 1654; x_wconf 75' lang='lat' dir='ltr'>festinabamus.</span> <span class='ocrx_word' id='word_1_150' title='bbox 997 1601 1015 1620; x_wconf 70' lang='lat'>⁴*</span> 
     </span>
    </p>
   </div>
   <div class='ocr_carea' id='block_1_8' title="bbox 39 1664 914 2360">
    <p class='ocr_par' dir='ltr' id='par_1_8' title="bbox 39 1664 914 2360">
     <span class='ocr_line' id='line_1_23' title="bbox 81 1664 889 1738; baseline 0.006 -21"><span class='ocrx_word' id='word_1_151' title='bbox 81 1669 145 1735; x_wconf 89' lang='lat' dir='ltr'>lpse</span> <span class='ocrx_word' id='word_1_152' title='bbox 155 1664 342 1733; x_wconf 79' lang='lat' dir='ltr'>Vespasianus</span> <span class='ocrx_word' id='word_1_153' title='bbox 351 1667 439 1730; x_wconf 88' lang='lat' dir='ltr'>adire,</span> <span class='ocrx_word' id='word_1_154' title='bbox 451 1664 567 1730; x_wconf 87' lang='lat' dir='ltr'>hortari,</span> <span class='ocrx_word' id='word_1_155' title='bbox 582 1669 671 1720; x_wconf 88' lang='lat' dir='ltr'>bonos</span> <span class='ocrx_word' id='word_1_156' title='bbox 682 1669 774 1733; x_wconf 87' lang='lat' dir='ltr'>laude,</span> <span class='ocrx_word' id='word_1_157' title='bbox 790 1685 889 1738; x_wconf 83' lang='lat' dir='ltr'>segnes</span> 
     </span>
     <span class='ocr_line' id='line_1_24' title="bbox 82 1735 889 1804; baseline 0.002 -15"><span class='ocrx_word' id='word_1_158' title='bbox 82 1736 220 1803; x_wconf 84' lang='lat' dir='ltr'>exemplo,</span> <span class='ocrx_word' id='word_1_159' title='bbox 231 1735 349 1788; x_wconf 87' lang='lat' dir='ltr'>incitare</span> <span class='ocrx_word' id='word_1_160' title='bbox 359 1737 481 1803; x_wconf 87' lang='lat' dir='ltr'>saepius,</span> <span class='ocrx_word' id='word_1_161' title='bbox 498 1752 580 1804; x_wconf 88' lang='lat' dir='ltr'>quam</span> <span class='ocrx_word' id='word_1_162' title='bbox 593 1753 735 1803; x_wconf 86' lang='lat' dir='ltr'>coercere;</span> <span class='ocrx_word' id='word_1_163' title='bbox 755 1740 823 1790; x_wconf 75' lang='lat' dir='ltr'>vitia</span> <span class='ocrx_word' id='word_1_164' title='bbox 834 1753 889 1791; x_wconf 90' lang='lat' dir='ltr'>ma·</span> 
     </span>
     <span class='ocr_line' id='line_1_25' title="bbox 81 1806 890 1874; baseline 0.004 -18"><span class='ocrx_word' id='word_1_165' title='bbox 81 1807 126 1874; x_wconf 91' lang='lat' dir='ltr'>gis</span> <span class='ocrx_word' id='word_1_166' title='bbox 140 1806 303 1868; x_wconf 88' lang='lat' dir='ltr'>amicorum,</span> <span class='ocrx_word' id='word_1_167' title='bbox 323 1820 406 1873; x_wconf 88' lang='lat' dir='ltr'>quam</span> <span class='ocrx_word' id='word_1_168' title='bbox 425 1806 543 1858; x_wconf 78' lang='lat' dir='ltr'>virtutes</span> <span class='ocrx_word' id='word_1_169' title='bbox 561 1807 747 1859; x_wconf 87' lang='lat' dir='ltr'>dissimulans.</span> <span class='ocrx_word' id='word_1_170' title='bbox 783 1809 890 1860; x_wconf 84' lang='lat' dir='ltr'>Multos</span> 
     </span>
     <span class='ocr_line' id='line_1_26' title="bbox 81 1874 888 1945; baseline 0.004 -19"><span class='ocrx_word' id='word_1_171' title='bbox 81 1874 265 1944; x_wconf 77' lang='lat' dir='ltr'>praefecturis</span> <span class='ocrx_word' id='word_1_172' title='bbox 276 1879 304 1926; x_wconf 90' lang='lat' dir='ltr'>et</span> <span class='ocrx_word' id='word_1_173' title='bbox 314 1876 568 1941; x_wconf 81' lang='lat' dir='ltr'>procurationibus3</span> <span class='ocrx_word' id='word_1_174' title='bbox 590 1877 736 1945; x_wconf 89' lang='lat' dir='ltr'>plerosque</span> <span class='ocrx_word' id='word_1_175' title='bbox 748 1875 888 1930; x_wconf 86' lang='lat' dir='ltr'>Senatorii</span> 
     </span>
     <span class='ocr_line' id='line_1_27' title="bbox 39 1941 914 2013; baseline 0.007 -21"><span class='ocrx_word' id='word_1_176' title='bbox 39 2006 43 2010; x_wconf 21' lang='lat' dir='ltr'>v</span> <span class='ocrx_word' id='word_1_177' title='bbox 82 1943 190 1999; x_wconf 81' lang='lat' dir='ltr'>ordinis</span> <span class='ocrx_word' id='word_1_178' title='bbox 200 1941 307 1994; x_wconf 86' lang='lat' dir='ltr'>honore</span> <span class='ocrx_word' id='word_1_179' title='bbox 315 1944 460 2010; x_wconf 80' lang='lat' dir='ltr'>percoluit,</span> <span class='ocrx_word' id='word_1_180' title='bbox 481 1948 608 2013; x_wconf 86' lang='lat' dir='ltr'>egregios</span> <span class='ocrx_word' id='word_1_181' title='bbox 618 1949 693 1996; x_wconf 85' lang='lat' dir='ltr'>viros</span> <span class='ocrx_word' id='word_1_182' title='bbox 704 1951 732 1998; x_wconf 87' lang='lat' dir='ltr'>et</span> <span class='ocrx_word' id='word_1_183' title='bbox 743 1962 808 1999; x_wconf 85' lang='lat' dir='ltr'>mox</span> <span class='ocrx_word' id='word_1_184' title='bbox 818 1963 892 1998; x_wconf 84' lang='lat' dir='ltr'>sum-</span> <span class='ocrx_word' id='word_1_185' title='bbox 910 1949 914 1954; x_wconf 81' lang='grc'><strong>“</strong></span> 
     </span>
     <span class='ocr_line' id='line_1_28' title="bbox 58 2011 890 2081; baseline 0.005 -16"><span class='ocrx_word' id='word_1_186' title='bbox 58 2025 62 2029; x_wconf 68' lang='grc'><em>’</em></span> <span class='ocrx_word' id='word_1_187' title='bbox 82 2027 131 2065; x_wconf 78' lang='lat' dir='ltr'>asa</span> <span class='ocrx_word' id='word_1_188' title='bbox 144 2011 274 2079; x_wconf 83' lang='lat' dir='ltr'>adeptos3</span> <span class='ocrx_word' id='word_1_189' title='bbox 294 2014 456 2079; x_wconf 86' lang='lat' dir='ltr'>quibusdam</span> <span class='ocrx_word' id='word_1_190' title='bbox 473 2011 587 2066; x_wconf 84' lang='lat' dir='ltr'>fortuna</span> <span class='ocrx_word' id='word_1_191' title='bbox 602 2029 652 2081; x_wconf 90' lang='lat' dir='ltr'>pro</span> <span class='ocrx_word' id='word_1_192' title='bbox 668 2017 817 2068; x_wconf 82' lang='lat' dir='ltr'>virtutibus</span> <span class='ocrx_word' id='word_1_193' title='bbox 827 2017 890 2070; x_wconf 81' lang='lat' dir='ltr'>fuit.</span> 
     </span>
     <span class='ocr_line' id='line_1_29' title="bbox 82 2081 891 2151; baseline 0.005 -18"><span class='ocrx_word' id='word_1_194' title='bbox 82 2082 254 2146; x_wconf 82' lang='lat' dir='ltr'>Donatirnm</span> <span class='ocrx_word' id='word_1_195' title='bbox 274 2081 356 2144; x_wconf 79' lang='lat' dir='ltr'>militi</span> <span class='ocrx_word' id='word_1_196' title='bbox 375 2098 466 2150; x_wconf 90' lang='lat' dir='ltr'>neque</span> <span class='ocrx_word' id='word_1_197' title='bbox 476 2083 623 2136; x_wconf 83' lang='lat' dir='ltr'>Mucianus</span> <span class='ocrx_word' id='word_1_198' title='bbox 638 2086 726 2151; x_wconf 83' lang='lat' dir='ltr'>prima</span> <span class='ocrx_word' id='word_1_199' title='bbox 747 2088 891 2149; x_wconf 88' lang='lat' dir='ltr'>concione,</span> 
     </span>
     <span class='ocr_line' id='line_1_30' title="bbox 83 2149 891 2223; baseline 0.005 -21"><span class='ocrx_word' id='word_1_200' title='bbox 83 2149 138 2202; x_wconf 89' lang='lat' dir='ltr'>nisi</span> <span class='ocrx_word' id='word_1_201' title='bbox 148 2149 265 2214; x_wconf 89' lang='lat' dir='ltr'>modice,</span> <span class='ocrx_word' id='word_1_202' title='bbox 275 2150 448 2215; x_wconf 73' lang='lat' dir='ltr'>ostenderat,</span> <span class='ocrx_word' id='word_1_203' title='bbox 468 2154 696 2219; x_wconf 83' lang='lat' dir='ltr'>nchspasianus</span> <span class='ocrx_word' id='word_1_204' title='bbox 707 2156 817 2223; x_wconf 87' lang='lat' dir='ltr'>quidem</span> <span class='ocrx_word' id='word_1_205' title='bbox 827 2155 891 2222; x_wconf 86' lang='lat' dir='ltr'>plus</span> 
     </span>
     <span class='ocr_line' id='line_1_31' title="bbox 85 2217 890 2292; baseline 0.004 -20"><span class='ocrx_word' id='word_1_206' title='bbox 85 2217 160 2272; x_wconf 82' lang='lat' dir='ltr'>civili</span> <span class='ocrx_word' id='word_1_207' title='bbox 169 2218 245 2271; x_wconf 88' lang='lat' dir='ltr'>bello</span> <span class='ocrx_word' id='word_1_208' title='bbox 256 2219 367 2283; x_wconf 89' lang='lat' dir='ltr'>obtulit,</span> <span class='ocrx_word' id='word_1_209' title='bbox 377 2236 460 2286; x_wconf 89' lang='lat' dir='ltr'>quam</span> <span class='ocrx_word' id='word_1_210' title='bbox 470 2221 518 2271; x_wconf 87' lang='lat' dir='ltr'>alii</span> <span class='ocrx_word' id='word_1_211' title='bbox 532 2223 560 2272; x_wconf 91' lang='lat' dir='ltr'>in</span> <span class='ocrx_word' id='word_1_212' title='bbox 571 2237 651 2290; x_wconf 84' lang='lat' dir='ltr'>pace:</span> <span class='ocrx_word' id='word_1_213' title='bbox 671 2226 784 2292; x_wconf 80' lang='lat' dir='ltr'>egregie</span> <span class='ocrx_word' id='word_1_214' title='bbox 793 2227 890 2278; x_wconf 81' lang='lat' dir='ltr'>tirmm</span> 
     </span>
     <span class='ocr_line' id='line_1_32' title="bbox 84 2287 890 2360; baseline 0.005 -20"><span class='ocrx_word' id='word_1_215' title='bbox 84 2287 218 2340; x_wconf 74' lang='lat' dir='ltr'>adversus</span> <span class='ocrx_word' id='word_1_216' title='bbox 229 2287 377 2340; x_wconf 86' lang='lat' dir='ltr'>militarem</span> <span class='ocrx_word' id='word_1_217' title='bbox 393 2289 582 2356; x_wconf 86' lang='lat' dir='ltr'>largitionem,</span> <span class='ocrx_word' id='word_1_218' title='bbox 600 2307 688 2360; x_wconf 89' lang='lat' dir='ltr'>eoque</span> <span class='ocrx_word' id='word_1_219' title='bbox 699 2295 823 2345; x_wconf 81' lang='lat' dir='ltr'>exercitu</span> <span class='ocrx_word' id='word_1_220' title='bbox 834 2307 890 2344; x_wconf 78' lang='lat' dir='ltr'>nic-</span> 
     </span>
    </p>
   </div>
   <div class='ocr_carea' id='block_1_9' title="bbox 0 2354 891 2429">
    <p class='ocr_par' dir='ltr' id='par_1_9' title="bbox 0 2354 891 2429">
     <span class='ocr_line' id='line_1_33' title="bbox 0 2354 891 2429; baseline 0.008 -23"><span class='ocrx_word' id='word_1_221' title='bbox 0 2401 1 2406; x_wconf 66' lang='lat'>,</span> <span class='ocrx_word' id='word_1_222' title='bbox 81 2356 165 2420; x_wconf 77' lang='lat' dir='ltr'>licre.</span> <span class='ocrx_word' id='word_1_223' title='bbox 201 2356 281 2407; x_wconf 87' lang='lat' dir='ltr'>Missi</span> <span class='ocrx_word' id='word_1_224' title='bbox 292 2355 328 2407; x_wconf 86' lang='lat' dir='ltr'>ad</span> <span class='ocrx_word' id='word_1_225' title='bbox 340 2354 474 2407; x_wconf 85' lang='lat' dir='ltr'>Parthum</span> <span class='ocrx_word' id='word_1_226' title='bbox 492 2359 705 2428; x_wconf 77' lang='lat' dir='ltr'>Armeniumque</span> <span class='ocrx_word' id='word_1_227' title='bbox 715 2363 809 2429; x_wconf 85' lang='lat' dir='ltr'>legati,</span> <span class='ocrx_word' id='word_1_228' title='bbox 829 2377 891 2429; x_wconf 90' lang='lat' dir='ltr'>pro·</span> 
     </span>
    </p>
   </div>
   <div class='ocr_carea' id='block_1_10' title="bbox 3 2426 891 2566">
    <p class='ocr_par' dir='ltr' id='par_1_10' title="bbox 3 2426 891 2566">
     <span class='ocr_line' id='line_1_34' title="bbox 3 2426 891 2498; baseline 0.009 -24"><span class='ocrx_word' id='word_1_229' title='bbox 3 2439 7 2466; x_wconf 69' lang='grc' dir='ltr'><strong><em>τ</em></strong></span> <span class='ocrx_word' id='word_1_230' title='bbox 81 2427 238 2493; x_wconf 81' lang='lat' dir='ltr'>visumque,</span> <span class='ocrx_word' id='word_1_231' title='bbox 248 2440 292 2488; x_wconf 89' lang='lat' dir='ltr'>ne,</span> <span class='ocrx_word' id='word_1_232' title='bbox 302 2426 389 2478; x_wconf 84' lang='lat' dir='ltr'>versis</span> <span class='ocrx_word' id='word_1_233' title='bbox 400 2427 436 2478; x_wconf 90' lang='lat' dir='ltr'>ad</span> <span class='ocrx_word' id='word_1_234' title='bbox 447 2427 527 2485; x_wconf 79' lang='lat' dir='ltr'>civile</span> <span class='ocrx_word' id='word_1_235' title='bbox 537 2428 642 2480; x_wconf 90' lang='lat' dir='ltr'>bellum</span> <span class='ocrx_word' id='word_1_236' title='bbox 653 2431 817 2498; x_wconf 85' lang='lat' dir='ltr'>legionibus,</span> <span class='ocrx_word' id='word_1_237' title='bbox 836 2438 891 2482; x_wconf 83' lang='lat' dir='ltr'>ter·</span> 
     </span>
     <span class='ocr_line' id='line_1_35' title="bbox 81 2494 891 2566; baseline 0.006 -21"><span class='ocrx_word' id='word_1_238' title='bbox 81 2509 121 2563; x_wconf 85' lang='lat' dir='ltr'>ga</span> <span class='ocrx_word' id='word_1_239' title='bbox 139 2494 320 2546; x_wconf 85' lang='lat' dir='ltr'>nudarentur.</span> <span class='ocrx_word' id='word_1_240' title='bbox 355 2495 451 2547; x_wconf 86' lang='lat' dir='ltr'>Titum</span> <span class='ocrx_word' id='word_1_241' title='bbox 463 2498 577 2551; x_wconf 81' lang='lat' dir='ltr'>&#39;instare</span> <span class='ocrx_word' id='word_1_242' title='bbox 597 2499 726 2564; x_wconf 83' lang='lat' dir='ltr'>Iudaeae,</span> <span class='ocrx_word' id='word_1_243' title='bbox 744 2500 891 2566; x_wconf 83' lang='lat' dir='ltr'>Vespasia-</span> 
     </span>
    </p>
   </div>
   <div class='ocr_carea' id='block_1_11' title="bbox 0 2557 889 2706">
    <p class='ocr_par' dir='ltr' id='par_1_11' title="bbox 0 2557 889 2706">
     <span class='ocr_line' id='line_1_36' title="bbox 0 2557 889 2634; baseline 0.006 -19"><span class='ocrx_word' id='word_1_244' title='bbox 0 2560 7 2627; x_wconf 57' lang='grc' dir='ltr'>ἓ</span> <span class='ocrx_word' id='word_1_245' title='bbox 80 2579 149 2616; x_wconf 87' lang='lat' dir='ltr'>num</span> <span class='ocrx_word' id='word_1_246' title='bbox 161 2563 287 2616; x_wconf 87' lang='lat' dir='ltr'>obtinere</span> <span class='ocrx_word' id='word_1_247' title='bbox 302 2563 424 2616; x_wconf 81' lang='lat' dir='ltr'>claustra</span> <span class='ocrx_word' id='word_1_248' title='bbox 433 2569 551 2634; x_wconf 78' lang='lat' dir='ltr'>Aegypti</span> <span class='ocrx_word' id='word_1_249' title='bbox 566 2567 679 2634; x_wconf 88' lang='lat' dir='ltr'>placuit.</span> <span class='ocrx_word' id='word_1_250' title='bbox 714 2557 840 2620; x_wconf 61' lang='lat' dir='ltr'>amitere</span> <span class='ocrx_word' id='word_1_251' title='bbox 851 2571 889 2619; x_wconf 68' lang='lat' dir='ltr'>vi-</span> 
     </span>
     <span class='ocr_line' id='line_1_37' title="bbox 78 2633 889 2706; baseline 0.006 -20"><span class='ocrx_word' id='word_1_252' title='bbox 78 2633 222 2687; x_wconf 84' lang='lat' dir='ltr'>debantur</span> <span class='ocrx_word' id='word_1_253' title='bbox 238 2633 370 2688; x_wconf 82' lang='lat' dir='ltr'>adversus</span> <span class='ocrx_word' id='word_1_254' title='bbox 380 2635 526 2690; x_wconf 88' lang='lat' dir='ltr'>Vitellium</span> <span class='ocrx_word' id='word_1_255' title='bbox 541 2651 606 2706; x_wconf 89' lang='lat' dir='ltr'>pars</span> <span class='ocrx_word' id='word_1_256' title='bbox 621 2638 762 2706; x_wconf 86' lang='lat' dir='ltr'>cupiarum</span> <span class='ocrx_word' id='word_1_257' title='bbox 779 2643 807 2690; x_wconf 90' lang='lat' dir='ltr'>et</span> <span class='ocrx_word' id='word_1_258' title='bbox 823 2637 889 2691; x_wconf 82' lang='lat' dir='ltr'>llux</span> 
     </span>
    </p>
   </div>
   <div class='ocr_carea' id='block_1_12' title="bbox 0 0 1034 3025">
    <p class='ocr_par' dir='ltr' id='par_1_12' title="bbox 0 0 1034 3025">
     <span class='ocr_line' id='line_1_38' title="bbox 0 0 1034 3025; baseline 0 0"><span class='ocrx_word' id='word_1_259' title='bbox 0 0 1034 3025; x_wconf 95' lang='lat' dir='ltr'> </span> 
     </span>
    </p>
   </div>
  </div>
 </body>
</html>
