2034 3025
116 146 224 202 IVLll
244 146 380 200 sanic.
399 145 501 201 Vl'l'Il
520 142 605 199 cnl‘.
622 145 649 199 u.
661 144 701 199 10.
759 144 811 201 271

7 254 54 300 ter
62 250 187 311 togatos,
214 241 297 294 facile
310 244 440 309 iusteqre
454 242 563 309 agebat.
588 241 812 295 ‘lamrerotem

8 332 78 385 pora
93 327 224 365 curarum
237 309 487 379 remissionumque
503 310 599 361 divisa.
634 310 683 361 ubi
694 324 808 363 eonven-

7 394 54 437 tus
64 400 97 435 ac
106 382 210 434 indicia
218 384 382 449 poscerent,
405 382 512 448 gravis,
530 381 668 441 intentus,
688 394 811 445 severus,

7 463 37 508 et
47 453 157 520 saepius
166 452 338 503 misericorsr
363 450 411 500 ubi
423 449 514 501 officio
526 448 715 512 satisfactum,
733 448 812 502 nulla

7 525 83 575 ultra
97 522 243 588 potestatis
259 533 387 586 persona.
414 520 561 571 tristitiam
573 522 602 571 et
616 518 810 586 adrogantiam

7 591 194 645 etararitiam
205 593 334 641 exuerat:
355 588 472 650 necilli,
491 588 565 655 quod
577 593 620 640 est
629 589 813 651 rarissimum,
905 628 913 649 ,

7 667 57 713 aut
67 658 188 711 facilitas
197 658 403 719 auctoritatem,
417 663 466 709 aut
475 659 612 710 severitas
621 672 755 720 amorem,
766 657 812 709 de-

7 729 116 781 minuit.
151 727 346 795 iutegritatem
365 732 450 793 atque
469 727 668 788 abstinentiam
681 728 710 777 in
731 731 812 777 tanto

7 802 70 850 viro
89 795 211 858 referre,
237 796 341 848 iniuria
358 798 493 847 virtutum
514 795 612 851 feeerit.
646 795 689 849 Ne
707 795 811 848 famam

7 866 130 937 quidem,
146 867 190 917 eui
201 867 286 917 etiam
296 880 381 933 saepe
389 866 456 918 boni
466 863 625 935 indulgent,
643 864 812 919 ostentanda

7 940 125 999 virtute,
143 940 194 997 aut
203 951 254 1003 per
263 942 353 987 artem
362 936 513 1003 quaesivit:
536 935 679 1001 proculab
691 933 818 989 aemula·-

7 1009 85 1060 tione
96 1005 229 1059 adversus
241 1006 381 1072 conlegas,
393 1004 490 1070 procul
501 1020 524 1055 a·
529 1007 708 1057 contentione
717 1006 813 1057 adver·

7 1091 55 1129 sus
65 1074 276 1127 Procuratores.
312 1078 342 1124 et
354 1074 468 1125 sineere
484 1072 649 1140 inglorium,
678 1078 707 1126 et
721 1073 813 1127 adteri
889 1113 892 1122 .

7 1144 161 1206 sordidum,
179 1141 377 1194 arbitrabatur.
412 1142 667 1193 Minustcienniurn
677 1144 705 1193 in
717 1159 752 1195 ea
761 1142 815 1196 Le·

7 1212 276 1283 gationedctentus,
304 1212 442 1263 aestatim
458 1210 494 1261 ad
503 1220 579 1277 spem
593 1212 760 1263 Consulatus
770 1227 814 1266 rea
859 1262 862 1277 ,
1011 1274 1012 1279 Ἰ

7 1288 123 1334 vocatus
134 1287 189 1346 est,
205 1284 363 1350 eomitante
370 1283 513 1348 opinione,
523 1278 699 1333 Britanniam
712 1283 738 1333 ei
749 1268 874 1351 pro-sip*
882 1298 886 1313 ¹
895 1274 917 1316 i,
933 1265 937 1288 ι

7 1353 127 1404 vinciam
138 1349 309 1404 darirnullis
320 1354 349 1401 in
360 1348 414 1402 boe
423 1350 675 1414 suiseermonibus,
686 1351 815 1419 sedquia
884 1393 888 1398 „
962 1372 979 1412 u
1011 1352 1012 1355 ’

7 1419 227 1491 pervidebatur.
248 1420 333 1471 llaud
344 1433 457 1486 semper
468 1425 546 1470 errat
557 1418 641 1482 fama,
660 1420 813 1488 aliquando
825 1414 868 1469 tl·
879 1413 899 1453 t·
911 1420 914 1434 ¹
925 1421 953 1457 ⁰-
1011 1430 1012 1437 ¹

7 1497 38 1544 et
48 1489 145 1556 elegit.
164 1488 268 1540 Consul
279 1488 410 1556 egregiae
419 1493 479 1539 tum
487 1488 552 1556 spei
563 1487 649 1538 tiliam
660 1490 754 1544 iuveni
766 1490 816 1542 mi·

7 1559 37 1612 lri
49 1557 209 1624 despondit,
228 1573 261 1610 ae
269 1563 335 1626 post
346 1559 527 1610 Consulatum
538 1557 706 1610 conlocavit:
720 1564 750 1610 et
759 1565 815 1612 sta·

7 1631 61 1751 gin
71 1627 238 1748 Baitanniae
250 1628 429 1696 praepositus
440 1632 494 1692 est,
506 1627 617 1680 adiecto
629 1625 815 1689 Pontificatus

28 1713 79 1750 ace
114 1698 183 1747 otio.
642 1692 669 1750 f
809 1711 845 1728 *-
931 1709 935 1716 ·

60 1767 96 1818 X.
114 1765 283 1818 Britanniae
293 1766 377 1816 sitnm
389 1763 574 1832 populosque,
588 1765 686 1817 multis
698 1766 816 1835 scripto·
876 1823 879 1830 ,

7 1838 88 1890 ribus
98 1840 280 1897 memoratos,
290 1850 347 1886 non
359 1836 388 1883 in
399 1835 638 1904 comparationem
649 1837 816 1904 curaeinge·

7 1909 82 1958 niire
93 1905 229 1957 reseram:
257 1903 306 1960 sed
318 1905 384 1970 qnia
393 1909 452 1956 tum
463 1905 584 1970 primum
595 1903 752 1972 perdomita
763 1913 816 1959 est.

7 1978 118 2043 itaque,
137 1972 463 2043 qnaeprioren,nondum
474 1979 632 2041 comperta,
651 1973 816 2044 eloquentia

7 2045 182 2114 percoluere,
200 2057 293 2102 rerum
304 2041 359 2094 lide
369 2042 528 2094 tradentur.
563 2043 721 2108 Britannia,
740 2048 815 2099 insu·

7 2119 109 2175 larum,
128 2128 197 2180 quas
209 2114 334 2164 Romana
343 2113 448 2163 notitia
457 2113 664 2181 complectitur,
683 2118 815 2182 maxima,

7 2184 102 2253 spatio
113 2197 147 2233 ae
155 2182 236 2233 coelo
247 2183 276 2231 in
287 2180 432 2232 Orientem
443 2181 622 2250 Germaniae,
642 2185 671 2234 in
683 2184 817 2237 Occiden-

7 2250 415 2318 tenrllispaniaeobtenditur:
426 2249 517 2302 Gallis
528 2251 557 2303 in
566 2252 716 2304 Meridiem
728 2255 814 2306 etlam

7 2321 171 2388 inspicitur:
194 2318 444 2387 septemtrionalia
454 2320 531 2382 eius,
554 2322 817 2376 nullieeontrater·

8 2395 60 2454 ris,
76 2395 159 2442 vasto
169 2395 255 2458 atque
266 2394 364 2457 aperto
375 2390 446 2440 mari
456 2389 615 2454 pulsantur.
635 2391 764 2458 Formam
772 2398 816 2446 to·

7 2464 66 2515 tius
76 2461 243 2511 Britanniae
253 2458 350 2510 Livius
359 2464 496 2521 veterum,
513 2459 618 2511 Fabius
630 2460 762 2514 Rusticus
772 2477 816 2514 re·

7 2530 132 2584 centium
143 2528 369 2596 eloquentissimi
380 2533 520 2591 auctores,
537 2529 677 2598 oblongae
687 2527 829 2599 sennrleej
842 2566 877 2604 qr.
898 2559 903 2569 =
970 2571 977 2582 .

7 2600 52 2652 sel
62 2599 177 2666 bipenni
185 2597 401 2667 adsimuquvere.
420 2604 451 2649 et
461 2603 506 2649 ost
517 2613 552 2650 ea
561 2598 648 2650 facies
659 2599 815 2653 eitraCale-
888 2593 890 2600 ’

7 2671 131 2734 doniam,
147 2669 221 2724 unde
232 2674 262 2722 et
272 2669 302 2720 in
312 2669 473 2722 universum
484 2667 561 2731 fama
569 2673 616 2721 est
624 2673 815 2739 transgressa.
