2034 3025
27 120 174 175 hlaiv.
192 118 384 173 CAP.71.72.
404 109 562 185 [avum.
580 119 650 171 A.C.
662 118 716 188 7a.]
735 120 789 173 21³

10 218 110 289 efecto
120 215 195 278 bello,
212 213 536 280 quodlloatonaemeaua
546 214 718 280 excepissent.
735 215 790 267 Au·

9 292 27 337 tt
43 301 80 336 ea
95 300 140 337 ree
151 284 296 336 Gallorum
313 284 485 351 obsequium.
521 296 602 343 nam,
621 288 736 349 recepta
749 284 791 334 iu·
827 344 829 347 ¹

9 358 120 417 entute,
138 352 249 404 facilius
269 352 378 403 tributa
398 352 570 413 toleravere,
588 353 735 418 proniores
754 352 790 417 ad

8 425 94 485 licia,
112 421 188 489 quod
201 422 415 488 spernebantur.
450 420 488 471 Aa
498 420 594 471 Civilis
604 426 634 472 et
644 420 793 484 Classicus,
813 468 818 472 .

8 494 33 545 oi
43 484 156 559 paleam
174 487 316 559 Tutorem,
333 503 423 540 caesae
436 486 580 557 Treueros,
597 498 695 543 cuncta
710 489 792 542 laesti-

7 577 32 616 ue
40 561 173 629 prospere
183 574 330 625 accepere,
347 557 451 625 trepidi
462 573 495 609 ac
508 565 708 626 properantes,
726 558 790 611 dum

7 644 131 696 ¹¹spersas
140 642 256 679 suorum
266 628 362 693 copias
371 626 545 690 conducunt,
559 628 666 679 crebris
676 629 791 680 interim

6 698 95 752 intiis
105 696 287 749 Valentinum
297 710 445 758 monuere,
461 712 495 748 ree
504 711 622 749 summae
632 696 674 749 τοι·
686 696 810 765 pericu-r

6 767 169 837 msaceret.
204 764 245 815 Eo
257 764 382 833 rapidius
393 755 523 829 cerialis,
538 767 634 819 missis
643 767 674 817 in
686 766 792 817 ltlediu·

6 836 137 896 ιαῐτίοοε,
155 835 203 904 qui
217 835 346 886 breviore
366 834 470 887 itinere
489 834 618 903 legiones
633 839 662 886 in
679 834 790 889 bostem

6 909 142 968 emerent,
152 908 308 967 contracto,
318 902 392 970 quod
402 910 466 955 erat
475 904 595 965 militum
607 906 792 974 Mogontiaci,

4 978 177 1040 aaartumque
191 988 285 1025 secum
301 977 511 1035 transvexerat,
530 975 623 1025 tertiis
635 978 736 1027 castris
746 978 791 1027 lti-
829 1024 831 1028 .

4 1042 121 1095 odulum
140 1042 233 1105 venit5
259 1055 342 1107 quem
365 1039 457 1091 locum
481 1055 584 1105 magna
601 1044 789 1097 'l'reveroruan

3 1126 72 1163 rana
86 1109 254 1162 Valentinus
269 1107 428 1170 insederat,
446 1109 590 1159 montibus
605 1117 655 1161 aut
669 1112 791 1165 lllosella

2 1194 68 1232 mne
84 1183 204 1245 septum.
221 1182 253 1228 et
267 1175 415 1229 addiderat
432 1176 526 1229 fossas
542 1177 689 1247 obicesque
710 1196 790 1233 saxo·

2 1265 58 1301 um.
94 1246 153 1299 Nec
162 1247 327 1298 deterruere
338 1259 372 1296 ea
382 1247 556 1306 munimenta
567 1247 721 1301 Roaiamm
734 1250 790 1303 lla·

1 1334 58 1380 em,
79 1331 135 1383 quo
145 1317 237 1366 minue
248 1314 370 1383 peditem
382 1329 563 1381 perrumpere
574 1315 694 1380 iuberet,
713 1320 789 1385 equi·

1 1402 45 1440 aaa
58 1385 148 1435 aciem
159 1385 188 1432 in
199 1384 297 1435 collem
315 1384 454 1448 erigeret,
472 1389 569 1449 spreto
581 1380 677 1447 hoste;
696 1401 789 1453 quem,
888 1415 904 1433 ,

3 1467 96 1506 mere
106 1451 274 1514 conlectum,
291 1449 365 1501 baud
376 1452 487 1503 italoco
498 1452 598 1512 iurari,
616 1459 648 1503 ut
658 1470 713 1503 nora
726 1455 788 1520 pius

18 1527 44 1575 is
60 1517 212 1571 invirtbte
226 1519 310 1571 toret.
346 1520 472 1572 Paullum
486 1535 583 1572 morae
598 1522 627 1572 in
641 1523 788 1586 adscensu,
831 1569 835 1576 .

1 1607 51 1646 una
67 1589 187 1640 missilia
200 1586 323 1645 bostium
341 1588 561 1654 premebuntur:
581 1596 613 1641 at
629 1597 742 1644 rentum
758 1594 787 1644 in

12 1673 101 1720 anus,
119 1656 262 1708 deturbati
273 1658 466 1709 mieee'modo
483 1659 715 1725 praecipitantur.
751 1660 788 1712 lit

2 1745 51 1782 ars
64 1727 199 1794 equitum,
216 1726 396 1792 aequioribus
408 1727 482 1794 iugis
493 1728 692 1786 circumvecta,
709 1730 788 1782 nobi·
884 1779 886 1783 ,

5 1798 109 1850 ssimos
128 1793 297 1863 Belgarum,
325 1796 355 1846 ia
379 1795 443 1865 quie
465 1795 575 1849 Ducem
600 1794 787 1865 Valentinum,

4 1889 8 1899 ·
35 1868 69 1916 tt.
594 1885 597 1892 ·

14 1883 153 1987 pmii.
172 1934 290 1987 Cerialis
308 1941 424 2003 postero
440 1935 486 1987 die
501 1935 639 1988 coloniam
651 1936 787 1991 'li-ereru-

20 2020 49 2056 m
65 2004 211 2070 ingressus
226 2010 286 2066 est,
306 2002 388 2056 avido
398 2005 488 2056 milite
499 2003 640 2056 eruendae
650 2005 786 2060 civitatis:

1 2088 56 2126 auc
65 2086 120 2122 ease
130 2068 253 2136 auraici,
266 2071 336 2126 baare
349 2070 471 2136 Tutoris,
478 2072 614 2141 patriam:
631 2071 724 2126 borum
734 2091 787 2128 tce·

8 2158 40 2195 re
50 2141 157 2194 clausae
166 2156 309 2210 ruentque
318 2141 442 2210 lege'onee.
478 2142 551 2206 Quid
563 2151 671 2194 tautum
682 2140 788 2196 Cremo·

1 2208 207 2270 amm‘erutne,
224 2226 304 2277 paam
319 2209 451 2278 egremio
460 2209 561 2264 ltaliae
580 2213 786 2281 raptam-quia

3 2280 67 2334 niue
76 2278 163 2331 stactis
172 2295 275 2331 moram
285 2278 430 2332 uictoribus
440 2279 590 2333 adtulerit?
599 2281 681 2332 Stare
690 2281 721 2334 ia
728 2297 788 2334 eea·

3 2351 51 2404 nio
64 2347 227 2401 Graecanicae
246 2347 384 2417 maram
397 2349 493 2420 eedem,
512 2349 604 2418 spoliis
618 2349 787 2416 exercituum

19 2419 131 2472 Ducum
141 2415 266 2469 caedibus
281 2425 411 2470 orantem.
445 2415 630 2500 Redigeretur
639 2418 742 2485 praeda
757 2418 787 2474 ia

1 2500 93 2546 ecum:
103 2487 169 2555 ipsis
180 2483 306 2552 sufficere
315 2485 391 2556 ignea
402 2495 429 2538 et
438 2487 543 2539 rebelles
553 2487 672 2540 coloniae
684 2487 787 2552 ruinae,

0 2589 7 2598 υ
18 2559 79 2613 ibae
89 2565 132 2612 tot
146 2565 298 2608 caurorum
313 2554 419 2607 excidio
431 2567 622 2624 pensarentur.
659 2557 787 2619 Cerialis,

1 2634 90 2691 ,metu
98 2625 248 2692 infamiae,
266 2627 290 2677 si
299 2625 415 2679 licentia
424 2627 599 2695 saevitiaque
610 2625 727 2680 inbuere
738 2627 788 2678 mi·
