2034 3025
58 143 227 200 multu.
245 143 333 200 CAP.
344 142 465 196 13-15.
485 143 643 212 [AN-803.
662 144 798 214 acue]
816 149 865 201 asr

58 251 129 306 culi:
149 251 209 318 qui,
223 255 352 316 tempore
363 255 450 313 stato,
468 251 655 317 perquietens
665 249 867 304 monetSscer.

59 321 151 384 dotes,
167 327 207 381 ut,
222 321 347 385 temptum
357 318 451 382 iuxta,
467 317 668 386 squmsenstsi
678 319 870 372 sdorntosss'·

59 397 145 442 stont.
175 388 256 456 equi,
274 389 322 440 ubi
341 386 490 454 pharetras
506 389 574 441 telis
589 393 707 442 onustas
725 401 869 454 occepere,

59 474 112 527 per
121 458 213 509 saltus
224 457 297 524 vagi,
306 463 390 509 nocte
400 457 521 522 demum,
529 459 625 513 vacuis
635 455 787 525 pharetris,
800 457 868 508 niul·

60 535 90 580 to
101 542 166 578 curn
178 524 304 578 anhelitu
316 525 445 580 redeunt.
481 527 591 580 Rursus
601 527 693 590 Deus,
710 541 767 595 qua
781 525 868 578 silvas

59 597 268 664 permoverit,
288 603 427 649 nocturno
440 597 503 650 risu
513 597 705 650 demonstrat:
722 595 869 664 reperiun-

60 663 471 732 turqueiusaepassimierce.
898 724 903 730 ,

111 731 187 786 xlv.
208 733 339 784 Ceterum
350 731 499 797 Gotarzes,
509 735 634 788 nondum
643 735 715 788 satis
726 738 810 787 aucto
820 745 868 787 ex·

60 803 161 866 sarcito,
171 799 287 855 flumine
297 801 456 868 Cormepro
468 805 644 857 niuiiimento
654 805 709 856 uti:
725 810 763 867 et,
773 817 869 874 quarn·

61 887 144 941 quam
160 885 213 938 per
226 871 429 924 insectationes
445 878 475 924 et
490 874 607 925 nuntios
621 874 658 926 ad
671 874 810 941 proelium
820 887 868 926 ro·

60 945 184 1001 caretur,
199 945 314 992 nectere
325 954 427 1002 moras,
442 941 520 994 locos
530 949 651 1008 nictare,
663 950 694 994 et
703 945 799 995 missis
808 959 868 998 cor·

60 1010 235 1078 raptoribus,
245 1008 401 1062 exuendam
411 1009 448 1062 ad
458 1008 541 1062 iidem
552 1010 650 1078 hostes
662 1013 806 1066 emercuri.
824 1016 868 1067 lix

61 1081 124 1146 quis
144 1079 238 1131 Izates
252 1077 411 1140 Adiabene,
429 1093 495 1131 mox
512 1081 646 1145 Acbarus,
664 1082 786 1134 Arabum
804 1097 868 1136 cum

61 1149 197 1210 exercitu,
213 1145 377 1210 abscedunt,
393 1148 509 1200 levitate
520 1151 631 1216 gentili,
642 1156 672 1202 et
682 1153 748 1220 quio
758 1153 868 1222 esperi-

60 1217 165 1269 mentis
180 1215 323 1283 cognitum
337 1222 397 1280 est,
415 1217 551 1272 barbaros
565 1219 649 1272 malls
664 1219 753 1272 Roma
766 1228 867 1289 petere

61 1287 164 1352 Reges,
178 1299 262 1353 quam
272 1282 386 1336 hebere.
420 1287 458 1338 nt
468 1285 660 1352 Meherdates,
674 1289 776 1342 validis
790 1294 867 1342 auxi·

60 1355 108 1406 liis
123 1354 257 1414 nudatus,
275 1359 435 1408 ceterorum
451 1356 612 1422 proditioue
628 1364 772 1424 suspecta,
791 1358 867 1426 quod

59 1439 146 1476 uuum
158 1429 220 1476 eret
230 1422 378 1489 reliquum,
396 1438 455 1474 rem
466 1426 495 1474 iu
506 1440 601 1476 cusum
612 1425 690 1488 dare,
700 1428 867 1494 proelioque

59 1493 184 1562 experiri
196 1492 306 1545 statuit.
325 1491 393 1545 ‘Nec
402 1491 573 1544 detrectavit
581 1508 706 1560 pugnarn
717 1495 868 1559 Gotarzes,

58 1562 214 1616 deminutis
235 1560 364 1613 hostibus
384 1560 490 1612 ferox..
516 1562 744 1630 concursumque
763 1576 868 1630 magna

58 1632 146 1685 caede
162 1637 193 1683 et
203 1631 334 1697 ambiguo
350 1636 464 1682 ereirtu:
482 1628 753 1694 doneccarrlienen,
771 1632 867 1699 proili-

57 1705 134 1770 gatis
147 1702 277 1754 obversis
286 1698 401 1767 longius
411 1704 548 1763 evectum,
563 1702 678 1769 integer
687 1716 705 1753 a
714 1706 796 1770 tergo
807 1702 867 1769 glo·

57 1774 108 1823 bus
118 1768 345 1823 circumveniret.
381 1770 453 1820 Tum
464 1772 541 1820 omni
550 1785 601 1837 spe
616 1770 741 1837 perdita,
755 1772 867 1826 Meher-

57 1834 466 1907 dates‚promissaParrhucis,
484 1837 597 1905 paterni
606 1840 727 1905 clientis,
743 1848 868 1906 secutus,

57 1910 124 1961 dolo
141 1910 204 1963 eius
219 1907 353 1969 vincitur,
369 1907 551 1975 traditurque
559 1910 671 1961 victori.
706 1914 798 1980 Atque
809 1912 868 1976 ille,

56 1995 110 2032 nors
116 1977 309 2044 propinquum,
327 1974 868 2051 nequeArsactsdegenteodazienige-

56 2062 120 2101 scos
132 2054 160 2099 et
170 2044 335 2109 Romanum,
353 2046 517 2115 increpans,
534 2048 649 2100 auribus
660 2049 762 2102 decisis
771 2052 868 2103 vivere

57 2116 153 2179 iubet,
174 2114 300 2167 ostentui
316 2116 483 2168 clementiae
498 2132 582 2182 suae,
600 2120 671 2171 etin
682 2128 734 2172 uos
745 2118 868 2172 dehooe·
953 2136 963 2145 ’

57 2188 213 2242 stramento.
249 2182 325 2235 Dein
337 2184 475 2237 Gotarzes
486 2188 584 2239 morbo
600 2188 686 2251 obiit,
704 2190 868 2255 accitusque

57 2255 86 2307 in
100 2256 230 2322 Regnum
240 2251 383 2316 Vonones,
398 2254 499 2306 Medos
510 2260 571 2307 tum
580 2256 755 2323 praesidens.
784 2256 869 2307 Nulla

58 2322 126 2376 huic
136 2336 274 2390 prospera
284 2327 333 2374 cut
343 2322 471 2387 adversa,
482 2325 545 2390 quis
554 2330 769 2377 memoraretur.
787 2325 868 2378 breui
943 2378 951 2387 ,

58 2400 88 2445 et
98 2393 226 2459 inglorio
238 2392 361 2457 imperio
378 2388 543 2459 pertimetur
559 2400 618 2455 est3
635 2409 739 2463 resque
750 2395 868 2449 Partho·

57 2478 123 2517 mm
134 2464 164 2511 in
175 2459 265 2513 filium
274 2462 335 2513 eius
346 2461 509 2528 Vologesen
519 2464 682 2515 translatae.

89 2560 92 2564 ·
108 2530 176 2585 -XV-
194 2532 230 2583 ilt
240 2528 423 2584 Mithridates
435 2530 627 2597 Bosporanus,
642 2532 755 2583 arnissis
766 2533 868 2598 opibus

56 2616 165 2669 vagus,
184 2604 369 2665 posteaquam
379 2599 504 2661 Didium,
522 2600 629 2649 Ducem
639 2599 803 2661 Romanum,
821 2612 868 2650 ro·

55 2670 174 2737 busque·
179 2668 322 2724 exercitus
332 2669 425 2723 abisse
436 2672 619 2733 cognoverat,
627 2666 743 2718 relictos
754 2668 784 2717 in
794 2678 868 2718 noro
