<?xml version="1.0" encoding="UTF-8"?>
<!DOCTYPE html PUBLIC "-//W3C//DTD XHTML 1.0 Transitional//EN"
    "http://www.w3.org/TR/xhtml1/DTD/xhtml1-transitional.dtd">
<html xmlns="http://www.w3.org/1999/xhtml" xml:lang="en" lang="en">
 <head>
  <title>
</title>
<meta http-equiv="Content-Type" content="text/html;charset=utf-8" />
  <meta name='ocr-system' content='tesseract 3.04.00' />
  <meta name='ocr-capabilities' content='ocr_page ocr_carea ocr_par ocr_line ocrx_word'/>
</head>
<body>
  <div class='ocr_page' id='page_1' title='image "./ccorneliitaciti00socigoog/ccorneliitaciti00socigoog_0667.png"; bbox 0 0 2034 3025; ppageno 0'>
   <div class='ocr_carea' id='block_1_1' title="bbox 77 71 886 187">
    <p class='ocr_par' dir='ltr' id='par_1_1' title="bbox 77 71 886 187">
     <span class='ocr_line' id='line_1_1' title="bbox 77 71 886 187; baseline -0.002 -13"><span class='ocrx_word' id='word_1_1' title='bbox 77 71 80 76; x_wconf 24' lang='grc'>1</span> <span class='ocrx_word' id='word_1_2' title='bbox 160 115 215 174; x_wconf 71' lang='lat'><strong>230</strong></span> <span class='ocrx_word' id='word_1_3' title='bbox 248 116 724 186; x_wconf 76' lang='lat' dir='ltr'><strong>lllS‘rortlnRvnl1n.v.824.</strong></span> <span class='ocrx_word' id='word_1_4' title='bbox 745 115 886 187; x_wconf 52' lang='grc' dir='ltr'><strong>Δίαν]</strong></span> 
     </span>
    </p>
   </div>
   <div class='ocr_carea' id='block_1_2' title="bbox 152 217 995 2208">
    <p class='ocr_par' dir='ltr' id='par_1_2' title="bbox 152 217 995 2208">
     <span class='ocr_line' id='line_1_2' title="bbox 160 217 960 290; baseline 0.003 -19"><span class='ocrx_word' id='word_1_5' title='bbox 160 217 227 287; x_wconf 69' lang='lat' dir='ltr'><strong>cipi.</strong></span> <span class='ocrx_word' id='word_1_6' title='bbox 260 221 367 284; x_wconf 77' lang='lat' dir='ltr'><strong>Quibus</strong></span> <span class='ocrx_word' id='word_1_7' title='bbox 379 222 551 273; x_wconf 83' lang='lat' dir='ltr'><strong>obuenerant</strong></span> <span class='ocrx_word' id='word_1_8' title='bbox 561 226 654 271; x_wconf 86' lang='lat' dir='ltr'><strong>castra</strong></span> <span class='ocrx_word' id='word_1_9' title='bbox 664 219 892 284; x_wconf 81' lang='lat' dir='ltr'><strong>decumanorum,</strong></span> <span class='ocrx_word' id='word_1_10' title='bbox 913 238 960 290; x_wconf 89' lang='lat' dir='ltr'><strong>cp·</strong></span> 
     </span>
     <span class='ocr_line' id='line_1_3' title="bbox 159 281 961 359; baseline 0.001 -19"><span class='ocrx_word' id='word_1_11' title='bbox 159 291 362 358; x_wconf 76' lang='lat' dir='ltr'><strong>pugnationem</strong></span> <span class='ocrx_word' id='word_1_12' title='bbox 373 281 493 356; x_wconf 69' lang='lat' dir='ltr'><strong>legionis</strong></span> <span class='ocrx_word' id='word_1_13' title='bbox 507 286 622 339; x_wconf 89' lang='lat' dir='ltr'><strong>arduam</strong></span> <span class='ocrx_word' id='word_1_14' title='bbox 632 288 705 359; x_wconf 68' lang='lat' dir='ltr'><strong>rati,</strong></span> <span class='ocrx_word' id='word_1_15' title='bbox 733 302 879 355; x_wconf 83' lang='lat' dir='ltr'><strong>egressum</strong></span> <span class='ocrx_word' id='word_1_16' title='bbox 889 290 961 341; x_wconf 86' lang='lat' dir='ltr'><strong>mill·</strong></span> 
     </span>
     <span class='ocr_line' id='line_1_4' title="bbox 158 354 960 422; baseline 0.001 -13"><span class='ocrx_word' id='word_1_17' title='bbox 158 365 233 418; x_wconf 83' lang='lat' dir='ltr'><strong>tem,</strong></span> <span class='ocrx_word' id='word_1_18' title='bbox 263 362 293 408; x_wconf 90' lang='lat' dir='ltr'><strong>et</strong></span> <span class='ocrx_word' id='word_1_19' title='bbox 303 354 452 408; x_wconf 85' lang='lat' dir='ltr'><strong>caedendis</strong></span> <span class='ocrx_word' id='word_1_20' title='bbox 467 356 593 408; x_wconf 87' lang='lat' dir='ltr'><strong>materiis</strong></span> <span class='ocrx_word' id='word_1_21' title='bbox 609 361 769 422; x_wconf 83' lang='lat' dir='ltr'><strong>operatum,</strong></span> <span class='ocrx_word' id='word_1_22' title='bbox 797 357 960 422; x_wconf 82' lang='lat' dir='ltr'><strong>turbavere,</strong></span> 
     </span>
     <span class='ocr_line' id='line_1_5' title="bbox 161 423 960 490; baseline 0.003 -14"><span class='ocrx_word' id='word_1_23' title='bbox 161 426 254 476; x_wconf 80' lang='lat' dir='ltr'><strong>occiso</strong></span> <span class='ocrx_word' id='word_1_24' title='bbox 270 423 417 476; x_wconf 74' lang='lat' dir='ltr'><strong>Praefecto</strong></span> <span class='ocrx_word' id='word_1_25' title='bbox 430 430 585 476; x_wconf 85' lang='lat' dir='ltr'><strong>castrorum</strong></span> <span class='ocrx_word' id='word_1_26' title='bbox 606 431 635 475; x_wconf 87' lang='lat' dir='ltr'><strong>et</strong></span> <span class='ocrx_word' id='word_1_27' title='bbox 650 425 771 490; x_wconf 67' lang='lat' dir='ltr'><strong>qumque</strong></span> <span class='ocrx_word' id='word_1_28' title='bbox 787 425 960 489; x_wconf 85' lang='lat' dir='ltr'><strong>primoribus</strong></span> 
     </span>
     <span class='ocr_line' id='line_1_6' title="bbox 161 491 960 560; baseline -0.001 -14"><span class='ocrx_word' id='word_1_29' title='bbox 161 493 363 547; x_wconf 75' lang='lat' dir='ltr'><strong>Centurionum</strong></span> <span class='ocrx_word' id='word_1_30' title='bbox 378 495 530 560; x_wconf 77' lang='lat' dir='ltr'><strong>paucisque</strong></span> <span class='ocrx_word' id='word_1_31' title='bbox 544 492 690 542; x_wconf 71' lang='lat' dir='ltr'><strong>militibus.</strong></span> <span class='ocrx_word' id='word_1_32' title='bbox 725 491 820 542; x_wconf 78' lang='lat' dir='ltr'><strong>Ceteri</strong></span> <span class='ocrx_word' id='word_1_33' title='bbox 830 506 861 543; x_wconf 89' lang='lat' dir='ltr'><strong>se</strong></span> <span class='ocrx_word' id='word_1_34' title='bbox 872 496 960 545; x_wconf 88' lang='lat' dir='ltr'><strong>muni·</strong></span> 
     </span>
     <span class='ocr_line' id='line_1_7' title="bbox 159 558 960 628; baseline 0.004 -16"><span class='ocrx_word' id='word_1_35' title='bbox 159 563 264 614; x_wconf 82' lang='lat' dir='ltr'><strong>mentis</strong></span> <span class='ocrx_word' id='word_1_36' title='bbox 275 560 434 614; x_wconf 78' lang='lat' dir='ltr'><strong>defendere.</strong></span> <span class='ocrx_word' id='word_1_37' title='bbox 470 562 508 612; x_wconf 84' lang='lat' dir='ltr'><strong>Et</strong></span> <span class='ocrx_word' id='word_1_38' title='bbox 521 558 849 628; x_wconf 36' lang='lat' dir='ltr'><strong>interim-Germanorum</strong></span> <span class='ocrx_word' id='word_1_39' title='bbox 859 575 960 615; x_wconf 87' lang='lat' dir='ltr'><strong>manus</strong></span> 
     </span>
     <span class='ocr_line' id='line_1_8' title="bbox 158 627 960 694; baseline 0.004 -16"><span class='ocrx_word' id='word_1_40' title='bbox 158 627 330 690; x_wconf 80' lang='lat' dir='ltr'><strong>Batavoduri</strong></span> <span class='ocrx_word' id='word_1_41' title='bbox 346 643 474 694; x_wconf 81' lang='lat' dir='ltr'><strong>rumpere</strong></span> <span class='ocrx_word' id='word_1_42' title='bbox 491 627 653 680; x_wconf 86' lang='lat' dir='ltr'><strong>inchoatum</strong></span> <span class='ocrx_word' id='word_1_43' title='bbox 663 634 776 693; x_wconf 87' lang='lat' dir='ltr'><strong>pontem</strong></span> <span class='ocrx_word' id='word_1_44' title='bbox 788 628 960 681; x_wconf 77' lang='lat' dir='ltr'><strong>nitebantur.</strong></span> 
     </span>
     <span class='ocr_line' id='line_1_9' title="bbox 210 694 959 763; baseline 0.003 -17"><span class='ocrx_word' id='word_1_45' title='bbox 210 695 285 746; x_wconf 85' lang='lat' dir='ltr'><strong>xxl.</strong></span> <span class='ocrx_word' id='word_1_46' title='bbox 307 696 472 763; x_wconf 77' lang='lat' dir='ltr'><strong>Ambiguum</strong></span> <span class='ocrx_word' id='word_1_47' title='bbox 492 694 632 762; x_wconf 82' lang='lat' dir='ltr'><strong>proelium</strong></span> <span class='ocrx_word' id='word_1_48' title='bbox 655 709 712 746; x_wconf 84' lang='lat' dir='ltr'><strong>nox</strong></span> <span class='ocrx_word' id='word_1_49' title='bbox 731 695 853 746; x_wconf 85' lang='lat' dir='ltr'><strong>diremit.</strong></span> <span class='ocrx_word' id='word_1_50' title='bbox 890 695 959 748; x_wconf 89' lang='lat' dir='ltr'><strong>Plus</strong></span> 
     </span>
     <span class='ocr_line' id='line_1_10' title="bbox 158 763 959 830; baseline -0.005 -12"><span class='ocrx_word' id='word_1_51' title='bbox 158 765 328 818; x_wconf 72' lang='lat' dir='ltr'><strong>discriminis</strong></span> <span class='ocrx_word' id='word_1_52' title='bbox 344 763 416 828; x_wconf 89' lang='lat' dir='ltr'><strong>apud</strong></span> <span class='ocrx_word' id='word_1_53' title='bbox 427 763 549 815; x_wconf 82' lang='lat' dir='ltr'><strong>Grinnes</strong></span> <span class='ocrx_word' id='word_1_54' title='bbox 560 763 732 830; x_wconf 83' lang='lat' dir='ltr'><strong>Vadamque.</strong></span> <span class='ocrx_word' id='word_1_55' title='bbox 767 763 877 818; x_wconf 76' lang='lat' dir='ltr'><strong>Vadam</strong></span> <span class='ocrx_word' id='word_1_56' title='bbox 887 765 959 816; x_wconf 80' lang='lat' dir='ltr'><strong>ciri·</strong></span> 
     </span>
     <span class='ocr_line' id='line_1_11' title="bbox 155 831 959 900; baseline -0.004 -14"><span class='ocrx_word' id='word_1_57' title='bbox 155 835 204 895; x_wconf 83' lang='lat' dir='ltr'><strong>lis,</strong></span> <span class='ocrx_word' id='word_1_58' title='bbox 225 831 346 882; x_wconf 80' lang='lat' dir='ltr'><strong>Grinnes</strong></span> <span class='ocrx_word' id='word_1_59' title='bbox 356 831 504 894; x_wconf 88' lang='lat' dir='ltr'><strong>Classicus,</strong></span> <span class='ocrx_word' id='word_1_60' title='bbox 520 833 727 899; x_wconf 77' lang='lat' dir='ltr'><strong>oppugnabant.</strong></span> <span class='ocrx_word' id='word_1_61' title='bbox 760 846 815 884; x_wconf 82' lang='lat' dir='ltr'><strong>nec</strong></span> <span class='ocrx_word' id='word_1_62' title='bbox 822 832 888 884; x_wconf 89' lang='lat' dir='ltr'><strong>sisti</strong></span> <span class='ocrx_word' id='word_1_63' title='bbox 897 837 959 900; x_wconf 80' lang='lat' dir='ltr'><strong>pot·</strong></span> 
     </span>
     <span class='ocr_line' id='line_1_12' title="bbox 157 896 959 968; baseline -0.002 -14"><span class='ocrx_word' id='word_1_64' title='bbox 157 903 254 961; x_wconf 61' lang='lat' dir='ltr'><strong>want,</strong></span> <span class='ocrx_word' id='word_1_65' title='bbox 282 899 433 951; x_wconf 83' lang='lat' dir='ltr'><strong>interiectu</strong></span> <span class='ocrx_word' id='word_1_66' title='bbox 449 899 607 952; x_wconf 82' lang='lat' dir='ltr'><strong>fortissimo</strong></span> <span class='ocrx_word' id='word_1_67' title='bbox 622 903 753 968; x_wconf 76' lang='lat' dir='ltr'><strong>qucquet&#39;</strong></span> <span class='ocrx_word' id='word_1_68' title='bbox 774 899 885 967; x_wconf 87' lang='lat' dir='ltr'><strong>inquis</strong></span> <span class='ocrx_word' id='word_1_69' title='bbox 897 896 959 952; x_wconf 85' lang='lat' dir='ltr'><strong>B&#39;ri-</strong></span> 
     </span>
     <span class='ocr_line' id='line_1_13' title="bbox 156 965 959 1036; baseline 0.007 -20"><span class='ocrx_word' id='word_1_70' title='bbox 156 968 299 1034; x_wconf 70' lang='lat' dir='ltr'><strong>gnnticus,</strong></span> <span class='ocrx_word' id='word_1_71' title='bbox 323 965 487 1020; x_wconf 80' lang='lat' dir='ltr'><strong>Praefectus</strong></span> <span class='ocrx_word' id='word_1_72' title='bbox 497 969 574 1031; x_wconf 85' lang='lat' dir='ltr'><strong>alae,</strong></span> <span class='ocrx_word' id='word_1_73' title='bbox 598 968 752 1031; x_wconf 89' lang='lat' dir='ltr'><strong>ceciderat;</strong></span> <span class='ocrx_word' id='word_1_74' title='bbox 779 982 862 1036; x_wconf 87' lang='lat' dir='ltr'><strong>quem</strong></span> <span class='ocrx_word' id='word_1_75' title='bbox 871 969 959 1022; x_wconf 84' lang='lat' dir='ltr'><strong>lidum</strong></span> 
     </span>
     <span class='ocr_line' id='line_1_14' title="bbox 156 1035 959 1099; baseline 0.002 -11"><span class='ocrx_word' id='word_1_76' title='bbox 156 1035 291 1088; x_wconf 75' lang='lat' dir='ltr'><strong>Ronlanis</strong></span> <span class='ocrx_word' id='word_1_77' title='bbox 312 1041 342 1086; x_wconf 88' lang='lat' dir='ltr'><strong>et</strong></span> <span class='ocrx_word' id='word_1_78' title='bbox 362 1036 459 1099; x_wconf 84' lang='lat' dir='ltr'><strong>Civili,</strong></span> <span class='ocrx_word' id='word_1_79' title='bbox 486 1036 637 1099; x_wconf 74' lang='lat' dir='ltr'><strong>auunculo,</strong></span> <span class='ocrx_word' id='word_1_80' title='bbox 664 1035 808 1088; x_wconf 84' lang='lat' dir='ltr'><strong>infensum</strong></span> <span class='ocrx_word' id='word_1_81' title='bbox 826 1036 959 1090; x_wconf 72' lang='grc' dir='ltr'><strong>ᾱίιίιιιιιε.</strong></span> 
     </span>
     <span class='ocr_line' id='line_1_15' title="bbox 156 1101 958 1171; baseline 0.001 -15"><span class='ocrx_word' id='word_1_82' title='bbox 156 1101 230 1167; x_wconf 74' lang='lat' dir='ltr'><strong>Sed,</strong></span> <span class='ocrx_word' id='word_1_83' title='bbox 249 1104 297 1155; x_wconf 92' lang='lat' dir='ltr'><strong>ubi</strong></span> <span class='ocrx_word' id='word_1_84' title='bbox 308 1104 425 1156; x_wconf 83' lang='lat' dir='ltr'><strong>cerialis</strong></span> <span class='ocrx_word' id='word_1_85' title='bbox 436 1119 496 1158; x_wconf 84' lang='lat' dir='ltr'><strong>cunr</strong></span> <span class='ocrx_word' id='word_1_86' title='bbox 507 1104 619 1156; x_wconf 88' lang='lat' dir='ltr'><strong>delecta</strong></span> <span class='ocrx_word' id='word_1_87' title='bbox 628 1105 753 1171; x_wconf 82' lang='lat' dir='ltr'><strong>equitum</strong></span> <span class='ocrx_word' id='word_1_88' title='bbox 764 1119 848 1156; x_wconf 82' lang='lat' dir='ltr'><strong>manu</strong></span> <span class='ocrx_word' id='word_1_89' title='bbox 859 1106 958 1157; x_wconf 84' lang='lat' dir='ltr'><strong>subre-</strong></span> 
     </span>
     <span class='ocr_line' id='line_1_16' title="bbox 156 1171 995 1240; baseline 0.001 -17"><span class='ocrx_word' id='word_1_90' title='bbox 156 1172 215 1234; x_wconf 85' lang='lat' dir='ltr'><strong>ait‚</strong></span> <span class='ocrx_word' id='word_1_91' title='bbox 238 1171 457 1235; x_wconf 84' lang='lat' dir='ltr'><strong>versafcrtuna,</strong></span> <span class='ocrx_word' id='word_1_92' title='bbox 482 1174 652 1239; x_wconf 86' lang='lat' dir='ltr'><strong>praecipites</strong></span> <span class='ocrx_word' id='word_1_93' title='bbox 661 1173 957 1224; x_wconf 84' lang='lat' dir='ltr'><strong>Germaniinamaeru</strong></span> <span class='ocrx_word' id='word_1_94' title='bbox 991 1235 995 1240; x_wconf 65' lang='lat'>,</span> 
     </span>
     <span class='ocr_line' id='line_1_17' title="bbox 156 1239 957 1308; baseline -0.001 -15"><span class='ocrx_word' id='word_1_95' title='bbox 156 1245 290 1306; x_wconf 74' lang='lat' dir='ltr'><strong>aguntur.</strong></span> <span class='ocrx_word' id='word_1_96' title='bbox 327 1239 433 1303; x_wconf 80' lang='lat' dir='ltr'><strong>Civilis,</strong></span> <span class='ocrx_word' id='word_1_97' title='bbox 451 1240 517 1290; x_wconf 86' lang='lat' dir='ltr'><strong>dum</strong></span> <span class='ocrx_word' id='word_1_98' title='bbox 528 1239 672 1308; x_wconf 77' lang='lat' dir='ltr'><strong>fugientes</strong></span> <span class='ocrx_word' id='word_1_99' title='bbox 682 1245 822 1303; x_wconf 83' lang='lat' dir='ltr'><strong>retentat,</strong></span> <span class='ocrx_word' id='word_1_100' title='bbox 842 1242 957 1308; x_wconf 80' lang='lat' dir='ltr'><strong>agnitus</strong></span> 
     </span>
     <span class='ocr_line' id='line_1_18' title="bbox 177 1307 967 1377; baseline -0.005 -19"><span class='ocrx_word' id='word_1_101' title='bbox 177 1307 320 1374; x_wconf 84' lang='lat' dir='ltr'><strong>etltusque</strong></span> <span class='ocrx_word' id='word_1_102' title='bbox 339 1307 420 1370; x_wconf 83' lang='lat' dir='ltr'><strong>telis,</strong></span> <span class='ocrx_word' id='word_1_103' title='bbox 448 1307 547 1360; x_wconf 85' lang='lat' dir='ltr'><strong>relicto</strong></span> <span class='ocrx_word' id='word_1_104' title='bbox 569 1323 654 1377; x_wconf 85' lang='lat' dir='ltr'><strong>equo,</strong></span> <span class='ocrx_word' id='word_1_105' title='bbox 681 1311 845 1360; x_wconf 70' lang='lat' dir='ltr'><strong>transterit.</strong></span> <span class='ocrx_word' id='word_1_106' title='bbox 881 1309 967 1360; x_wconf 87' lang='lat' dir='ltr'><strong>idem.</strong></span> 
     </span>
     <span class='ocr_line' id='line_1_19' title="bbox 156 1321 958 1442; baseline 0 -14"><span class='ocrx_word' id='word_1_107' title='bbox 156 1321 274 1428; x_wconf 37' lang='lat' dir='ltr'><strong>geracis</strong></span> <span class='ocrx_word' id='word_1_108' title='bbox 285 1375 427 1442; x_wconf 81' lang='lat' dir='ltr'><strong>effugium.</strong></span> <span class='ocrx_word' id='word_1_109' title='bbox 459 1378 594 1428; x_wconf 82' lang='lat' dir='ltr'><strong>&#39;l&#39;utcrem</strong></span> <span class='ocrx_word' id='word_1_110' title='bbox 605 1377 813 1442; x_wconf 81' lang='lat' dir='ltr'><strong>classicumque</strong></span> <span class='ocrx_word' id='word_1_111' title='bbox 824 1377 958 1442; x_wconf 82' lang='lat' dir='ltr'><strong>adpulsas</strong></span> 
     </span>
     <span class='ocr_line' id='line_1_20' title="bbox 156 1443 959 1512; baseline 0.004 -17"><span class='ocrx_word' id='word_1_112' title='bbox 156 1443 257 1496; x_wconf 80' lang='lat' dir='ltr'><strong>lintres</strong></span> <span class='ocrx_word' id='word_1_113' title='bbox 267 1457 380 1495; x_wconf 83' lang='lat' dir='ltr'><strong>vexere.</strong></span> <span class='ocrx_word' id='word_1_114' title='bbox 415 1443 457 1496; x_wconf 89' lang='lat' dir='ltr'><strong>Ne</strong></span> <span class='ocrx_word' id='word_1_115' title='bbox 469 1450 528 1494; x_wconf 90' lang='lat' dir='ltr'><strong>turn</strong></span> <span class='ocrx_word' id='word_1_116' title='bbox 539 1444 651 1512; x_wconf 86' lang='lat' dir='ltr'><strong>quidem</strong></span> <span class='ocrx_word' id='word_1_117' title='bbox 661 1445 788 1495; x_wconf 84' lang='lat' dir='ltr'><strong>Romana</strong></span> <span class='ocrx_word' id='word_1_118' title='bbox 800 1445 898 1496; x_wconf 83' lang='lat' dir='ltr'><strong>classis</strong></span> <span class='ocrx_word' id='word_1_119' title='bbox 909 1459 959 1510; x_wconf 48' lang='lat' dir='ltr'><strong>pue</strong></span> 
     </span>
     <span class='ocr_line' id='line_1_21' title="bbox 157 1512 958 1579; baseline 0.002 -16"><span class='ocrx_word' id='word_1_120' title='bbox 157 1524 231 1579; x_wconf 75' lang='lat' dir='ltr'><strong>gnae</strong></span> <span class='ocrx_word' id='word_1_121' title='bbox 242 1512 349 1575; x_wconf 82' lang='lat' dir='ltr'><strong>adluit,</strong></span> <span class='ocrx_word' id='word_1_122' title='bbox 376 1517 410 1564; x_wconf 86' lang='lat' dir='ltr'><strong>ut</strong></span> <span class='ocrx_word' id='word_1_123' title='bbox 418 1514 524 1563; x_wconf 86' lang='lat' dir='ltr'><strong>iussum</strong></span> <span class='ocrx_word' id='word_1_124' title='bbox 540 1520 620 1563; x_wconf 64' lang='lat' dir='ltr'><strong>erat.</strong></span> <span class='ocrx_word' id='word_1_125' title='bbox 646 1513 695 1565; x_wconf 89' lang='lat' dir='ltr'><strong>sed</strong></span> <span class='ocrx_word' id='word_1_126' title='bbox 711 1514 824 1564; x_wconf 83' lang='lat' dir='ltr'><strong>obstitit</strong></span> <span class='ocrx_word' id='word_1_127' title='bbox 833 1512 958 1565; x_wconf 83' lang='lat' dir='ltr'><strong>formida</strong></span> 
     </span>
     <span class='ocr_line' id='line_1_22' title="bbox 157 1580 958 1647; baseline 0.002 -16"><span class='ocrx_word' id='word_1_128' title='bbox 157 1585 189 1631; x_wconf 81' lang='lat' dir='ltr'><strong>et</strong></span> <span class='ocrx_word' id='word_1_129' title='bbox 203 1582 326 1647; x_wconf 76' lang='lat' dir='ltr'><strong>remiges</strong></span> <span class='ocrx_word' id='word_1_130' title='bbox 341 1594 393 1647; x_wconf 89' lang='lat' dir='ltr'><strong>per</strong></span> <span class='ocrx_word' id='word_1_131' title='bbox 406 1582 462 1632; x_wconf 85' lang='lat' dir='ltr'><strong>alia</strong></span> <span class='ocrx_word' id='word_1_132' title='bbox 475 1580 594 1632; x_wconf 88' lang='lat' dir='ltr'><strong>militiae</strong></span> <span class='ocrx_word' id='word_1_133' title='bbox 607 1583 703 1633; x_wconf 78' lang='lat' dir='ltr'><strong>urania</strong></span> <span class='ocrx_word' id='word_1_134' title='bbox 716 1581 847 1647; x_wconf 83' lang='lat' dir='ltr'><strong>dispersi.</strong></span> <span class='ocrx_word' id='word_1_135' title='bbox 882 1580 958 1633; x_wconf 83' lang='lat' dir='ltr'><strong>Saue</strong></span> 
     </span>
     <span class='ocr_line' id='line_1_23' title="bbox 156 1647 959 1717; baseline 0.001 -18"><span class='ocrx_word' id='word_1_136' title='bbox 156 1647 276 1700; x_wconf 77' lang='lat' dir='ltr'><strong>cerialis</strong></span> <span class='ocrx_word' id='word_1_137' title='bbox 286 1664 383 1713; x_wconf 88' lang='lat' dir='ltr'><strong>parum</strong></span> <span class='ocrx_word' id='word_1_138' title='bbox 393 1650 530 1713; x_wconf 88' lang='lat' dir='ltr'><strong>temporis</strong></span> <span class='ocrx_word' id='word_1_139' title='bbox 544 1649 584 1700; x_wconf 84' lang='lat' dir='ltr'><strong>ad</strong></span> <span class='ocrx_word' id='word_1_140' title='bbox 590 1650 768 1715; x_wconf 86' lang='lat' dir='ltr'><strong>exsequenda</strong></span> <span class='ocrx_word' id='word_1_141' title='bbox 781 1651 901 1717; x_wconf 89' lang='lat' dir='ltr'><strong>imperia</strong></span> <span class='ocrx_word' id='word_1_142' title='bbox 910 1650 959 1700; x_wconf 89' lang='lat' dir='ltr'><strong>da·</strong></span> 
     </span>
     <span class='ocr_line' id='line_1_24' title="bbox 154 1715 962 1779; baseline 0.002 -12"><span class='ocrx_word' id='word_1_143' title='bbox 154 1715 217 1769; x_wconf 83' lang='lat' dir='ltr'><strong>bat:</strong></span> <span class='ocrx_word' id='word_1_144' title='bbox 244 1717 355 1769; x_wconf 89' lang='lat' dir='ltr'><strong>subitus</strong></span> <span class='ocrx_word' id='word_1_145' title='bbox 370 1718 510 1779; x_wconf 87' lang='lat' dir='ltr'><strong>consiliis,</strong></span> <span class='ocrx_word' id='word_1_146' title='bbox 538 1717 588 1768; x_wconf 88' lang='lat' dir='ltr'><strong>sed</strong></span> <span class='ocrx_word' id='word_1_147' title='bbox 603 1718 816 1768; x_wconf 81' lang='lat' dir='ltr'><strong>eveutuclarus.</strong></span> <span class='ocrx_word' id='word_1_148' title='bbox 852 1718 962 1769; x_wconf 74' lang='lat' dir='ltr'><strong>Aderat</strong></span> 
     </span>
     <span class='ocr_line' id='line_1_25' title="bbox 155 1782 960 1853; baseline 0.002 -18"><span class='ocrx_word' id='word_1_149' title='bbox 155 1782 281 1848; x_wconf 63' lang='lat' dir='ltr'><strong>tortune,</strong></span> <span class='ocrx_word' id='word_1_150' title='bbox 301 1786 387 1835; x_wconf 83' lang='lat' dir='ltr'><strong>etiarn</strong></span> <span class='ocrx_word' id='word_1_151' title='bbox 397 1786 445 1837; x_wconf 89' lang='lat' dir='ltr'><strong>ubi</strong></span> <span class='ocrx_word' id='word_1_152' title='bbox 455 1790 533 1835; x_wconf 86' lang='lat' dir='ltr'><strong>artes</strong></span> <span class='ocrx_word' id='word_1_153' title='bbox 543 1784 710 1839; x_wconf 77' lang='lat' dir='ltr'><strong>debuissent.</strong></span> <span class='ocrx_word' id='word_1_154' title='bbox 737 1784 804 1837; x_wconf 86' lang='lat' dir='ltr'><strong>binc</strong></span> <span class='ocrx_word' id='word_1_155' title='bbox 812 1787 868 1853; x_wconf 87' lang='lat' dir='ltr'><strong>ipsi</strong></span> <span class='ocrx_word' id='word_1_156' title='bbox 877 1800 960 1838; x_wconf 83' lang='lat' dir='ltr'><strong>exer·</strong></span> 
     </span>
     <span class='ocr_line' id='line_1_26' title="bbox 155 1852 962 1921; baseline 0.006 -20"><span class='ocrx_word' id='word_1_157' title='bbox 155 1853 280 1921; x_wconf 80' lang='lat' dir='ltr'><strong>cituique</strong></span> <span class='ocrx_word' id='word_1_158' title='bbox 297 1855 389 1905; x_wconf 85' lang='lat' dir='ltr'><strong>minor</strong></span> <span class='ocrx_word' id='word_1_159' title='bbox 408 1868 474 1905; x_wconf 84' lang='lat' dir='ltr'><strong>cura</strong></span> <span class='ocrx_word' id='word_1_160' title='bbox 494 1852 668 1921; x_wconf 84' lang='lat' dir='ltr'><strong>disciplinae.</strong></span> <span class='ocrx_word' id='word_1_161' title='bbox 711 1853 756 1905; x_wconf 75' lang='lat' dir='ltr'><strong>Et·</strong></span> <span class='ocrx_word' id='word_1_162' title='bbox 768 1868 870 1920; x_wconf 85' lang='lat' dir='ltr'><strong>paucus</strong></span> <span class='ocrx_word' id='word_1_163' title='bbox 889 1865 962 1921; x_wconf 77' lang='lat' dir='ltr'><strong>post</strong></span> 
     </span>
     <span class='ocr_line' id='line_1_27' title="bbox 155 1918 966 1989; baseline 0.005 -17"><span class='ocrx_word' id='word_1_164' title='bbox 155 1918 231 1983; x_wconf 79' lang='lat' dir='ltr'><strong>dies,</strong></span> <span class='ocrx_word' id='word_1_165' title='bbox 259 1936 426 1989; x_wconf 82' lang='lat' dir='ltr'><strong>quamquam</strong></span> <span class='ocrx_word' id='word_1_166' title='bbox 445 1923 598 1989; x_wconf 73' lang='lat' dir='ltr'><strong>pericuum</strong></span> <span class='ocrx_word' id='word_1_167' title='bbox 617 1920 787 1989; x_wconf 75' lang='lat' dir='ltr'><strong>captivitatis</strong></span> <span class='ocrx_word' id='word_1_168' title='bbox 807 1923 966 1989; x_wconf 40' lang='lat' dir='ltr'><strong>erasisse&amp;</strong></span> 
     </span>
     <span class='ocr_line' id='line_1_28' title="bbox 153 1986 483 2041; baseline 0 0"><span class='ocrx_word' id='word_1_169' title='bbox 153 1986 299 2041; x_wconf 69' lang='lat' dir='ltr'><strong>infamiam</strong></span> <span class='ocrx_word' id='word_1_170' title='bbox 310 2005 366 2040; x_wconf 88' lang='lat' dir='ltr'><strong>nou</strong></span> <span class='ocrx_word' id='word_1_171' title='bbox 376 1991 483 2041; x_wconf 75' lang='lat' dir='ltr'><strong>vitavit.</strong></span> 
     </span>
     <span class='ocr_line' id='line_1_29' title="bbox 206 2054 959 2127; baseline 0.003 -20"><span class='ocrx_word' id='word_1_172' title='bbox 206 2054 293 2108; x_wconf 82' lang='lat' dir='ltr'>XXII.</span> <span class='ocrx_word' id='word_1_173' title='bbox 311 2056 458 2109; x_wconf 81' lang='lat' dir='ltr'><strong>Profectus</strong></span> <span class='ocrx_word' id='word_1_174' title='bbox 468 2057 959 2127; x_wconf 80' lang='lat' dir='ltr'><strong>Nuresiuancnnamqueadriseu·</strong></span> 
     </span>
     <span class='ocr_line' id='line_1_30' title="bbox 152 2121 958 2208; baseline 0.006 -33"><span class='ocrx_word' id='word_1_175' title='bbox 152 2121 192 2175; x_wconf 85' lang='lat' dir='ltr'><strong>da</strong></span> <span class='ocrx_word' id='word_1_176' title='bbox 200 2128 309 2188; x_wconf 83' lang='lat' dir='ltr'><strong>castra,</strong></span> <span class='ocrx_word' id='word_1_177' title='bbox 336 2139 406 2191; x_wconf 86' lang='lat' dir='ltr'><strong>quae</strong></span> <span class='ocrx_word' id='word_1_178' title='bbox 417 2124 581 2178; x_wconf 83' lang='lat' dir='ltr'><strong>hiematuris</strong></span> <span class='ocrx_word' id='word_1_179' title='bbox 595 2127 753 2194; x_wconf 73' lang='lat' dir='ltr'><strong>legionibus</strong></span> <span class='ocrx_word' id='word_1_180' title='bbox 764 2127 958 2208; x_wconf 69' lang='lat' dir='ltr'><strong>erigebantur,</strong></span> 
     </span>
    </p>
   </div>
   <div class='ocr_carea' id='block_1_3' title="bbox 53 2191 957 2263">
    <p class='ocr_par' dir='ltr' id='par_1_3' title="bbox 53 2191 957 2263">
     <span class='ocr_line' id='line_1_31' title="bbox 53 2191 957 2263; baseline 0.002 -20"><span class='ocrx_word' id='word_1_181' title='bbox 53 2192 55 2198; x_wconf 73' lang='lat'>‘</span> <span class='ocrx_word' id='word_1_182' title='bbox 152 2191 272 2244; x_wconf 81' lang='lat' dir='ltr'><strong>naribus</strong></span> <span class='ocrx_word' id='word_1_183' title='bbox 282 2194 440 2245; x_wconf 75' lang='lat' dir='ltr'><strong>remeabatz</strong></span> <span class='ocrx_word' id='word_1_184' title='bbox 458 2194 577 2246; x_wconf 86' lang='lat' dir='ltr'><strong>disiecto</strong></span> <span class='ocrx_word' id='word_1_185' title='bbox 588 2197 709 2263; x_wconf 82' lang='lat' dir='ltr'><strong>agmine,</strong></span> <span class='ocrx_word' id='word_1_186' title='bbox 725 2197 957 2262; x_wconf 79' lang='lat' dir='ltr'><strong>incuridsisrigr·</strong></span> 
     </span>
    </p>
   </div>
   <div class='ocr_carea' id='block_1_4' title="bbox 122 2259 957 2530">
    <p class='ocr_par' dir='ltr' id='par_1_4' title="bbox 122 2259 957 2530">
     <span class='ocr_line' id='line_1_32' title="bbox 151 2259 956 2315; baseline 0.004 -4"><span class='ocrx_word' id='word_1_187' title='bbox 151 2259 209 2311; x_wconf 87' lang='lat' dir='ltr'><strong>liis.</strong></span> <span class='ocrx_word' id='word_1_188' title='bbox 244 2262 471 2315; x_wconf 78' lang='lat' dir='ltr'><strong>Animadversum</strong></span> <span class='ocrx_word' id='word_1_189' title='bbox 486 2262 686 2315; x_wconf 83' lang='lat' dir='ltr'><strong>idGeruranis:</strong></span> <span class='ocrx_word' id='word_1_190' title='bbox 714 2264 871 2315; x_wconf 86' lang='lat' dir='ltr'><strong>etinsidias</strong></span> <span class='ocrx_word' id='word_1_191' title='bbox 881 2279 956 2315; x_wconf 86' lang='lat' dir='ltr'><strong>ccm-</strong></span> 
     </span>
     <span class='ocr_line' id='line_1_33' title="bbox 150 2330 956 2399; baseline 0.006 -21"><span class='ocrx_word' id='word_1_192' title='bbox 150 2342 282 2395; x_wconf 86' lang='lat' dir='ltr'><strong>pcsuere.</strong></span> <span class='ocrx_word' id='word_1_193' title='bbox 319 2330 408 2382; x_wconf 89' lang='lat' dir='ltr'><strong>electa</strong></span> <span class='ocrx_word' id='word_1_194' title='bbox 423 2344 479 2382; x_wconf 81' lang='lat' dir='ltr'><strong>nox</strong></span> <span class='ocrx_word' id='word_1_195' title='bbox 493 2336 558 2383; x_wconf 83' lang='lat' dir='ltr'><strong>atra</strong></span> <span class='ocrx_word' id='word_1_196' title='bbox 567 2333 703 2394; x_wconf 84' lang='lat' dir='ltr'><strong>nubibus,</strong></span> <span class='ocrx_word' id='word_1_197' title='bbox 730 2337 761 2383; x_wconf 86' lang='lat' dir='ltr'><strong>et</strong></span> <span class='ocrx_word' id='word_1_198' title='bbox 769 2346 860 2399; x_wconf 86' lang='lat' dir='ltr'><strong>prone</strong></span> <span class='ocrx_word' id='word_1_199' title='bbox 871 2346 956 2383; x_wconf 84' lang='lat' dir='ltr'><strong>amne</strong></span> 
     </span>
     <span class='ocr_line' id='line_1_34' title="bbox 150 2397 957 2463; baseline 0.006 -17"><span class='ocrx_word' id='word_1_200' title='bbox 150 2398 236 2463; x_wconf 83' lang='lat' dir='ltr'><strong>rapti,</strong></span> <span class='ocrx_word' id='word_1_201' title='bbox 254 2398 331 2449; x_wconf 87' lang='lat' dir='ltr'><strong>nullo</strong></span> <span class='ocrx_word' id='word_1_202' title='bbox 340 2397 516 2463; x_wconf 83' lang='lat' dir='ltr'><strong>prohibente,</strong></span> <span class='ocrx_word' id='word_1_203' title='bbox 533 2400 635 2449; x_wconf 70' lang='lat' dir='ltr'><strong>vallum</strong></span> <span class='ocrx_word' id='word_1_204' title='bbox 645 2402 752 2451; x_wconf 88' lang='lat' dir='ltr'><strong>ineunt.</strong></span> <span class='ocrx_word' id='word_1_205' title='bbox 788 2399 957 2451; x_wconf 77' lang='lat' dir='ltr'><strong>Primacsc·</strong></span> 
     </span>
     <span class='ocr_line' id='line_1_35' title="bbox 122 2461 956 2530; baseline 0.01 -19"><span class='ocrx_word' id='word_1_206' title='bbox 122 2516 125 2521; x_wconf 22' lang='lat' dir='ltr'><strong>f</strong></span> <span class='ocrx_word' id='word_1_207' title='bbox 150 2461 202 2513; x_wconf 89' lang='lat' dir='ltr'><strong>des</strong></span> <span class='ocrx_word' id='word_1_208' title='bbox 222 2470 287 2516; x_wconf 86' lang='lat' dir='ltr'><strong>astu</strong></span> <span class='ocrx_word' id='word_1_209' title='bbox 306 2466 410 2518; x_wconf 84' lang='lat' dir='ltr'><strong>adiuta.</strong></span> <span class='ocrx_word' id='word_1_210' title='bbox 449 2468 547 2521; x_wconf 83' lang='lat' dir='ltr'><strong>incisis</strong></span> <span class='ocrx_word' id='word_1_211' title='bbox 566 2467 809 2519; x_wconf 86' lang='lat' dir='ltr'><strong>tabernaculorum</strong></span> <span class='ocrx_word' id='word_1_212' title='bbox 829 2467 956 2530; x_wconf 77' lang='lat' dir='ltr'><strong>funibus,</strong></span> 
     </span>
    </p>
   </div>
   <div class='ocr_carea' id='block_1_5' title="bbox 63 2530 957 2600">
    <p class='ocr_par' dir='ltr' id='par_1_5' title="bbox 63 2530 957 2600">
     <span class='ocr_line' id='line_1_36' title="bbox 63 2530 957 2600; baseline 0.015 -24"><span class='ocrx_word' id='word_1_213' title='bbox 63 2530 70 2547; x_wconf 76' lang='lat'><strong>.</strong></span> <span class='ocrx_word' id='word_1_214' title='bbox 150 2530 271 2582; x_wconf 84' lang='lat' dir='ltr'><strong>suismet</strong></span> <span class='ocrx_word' id='word_1_215' title='bbox 294 2531 600 2600; x_wconf 62' lang='lat' dir='ltr'><strong>tentoriis‘cccpertcs</strong></span> <span class='ocrx_word' id='word_1_216' title='bbox 629 2535 818 2587; x_wconf 83' lang='lat' dir='ltr'><strong>trucidabant.</strong></span> <span class='ocrx_word' id='word_1_217' title='bbox 868 2536 957 2589; x_wconf 80' lang='lat' dir='ltr'><strong>nuuc</strong></span> 
     </span>
    </p>
   </div>
   <div class='ocr_carea' id='block_1_6' title="bbox 150 2600 956 2678">
    <p class='ocr_par' dir='ltr' id='par_1_6' title="bbox 150 2600 956 2678">
     <span class='ocr_line' id='line_1_37' title="bbox 150 2600 956 2678; baseline 0.01 -29"><span class='ocrx_word' id='word_1_218' title='bbox 150 2600 252 2678; x_wconf 60' lang='lat' dir='ltr'><strong>figmea</strong></span> <span class='ocrx_word' id='word_1_219' title='bbox 271 2601 387 2653; x_wconf 84' lang='lat' dir='ltr'><strong>turbare</strong></span> <span class='ocrx_word' id='word_1_220' title='bbox 407 2602 537 2653; x_wconf 73' lang='lat' dir='ltr'><strong>cassem:</strong></span> <span class='ocrx_word' id='word_1_221' title='bbox 569 2603 686 2655; x_wconf 85' lang='lat' dir='ltr'><strong>iniicere</strong></span> <span class='ocrx_word' id='word_1_222' title='bbox 703 2605 808 2657; x_wconf 75' lang='lat' dir='ltr'><strong>vincla:</strong></span> <span class='ocrx_word' id='word_1_223' title='bbox 837 2602 956 2676; x_wconf 73' lang='lat' dir='ltr'><strong>trabere</strong></span> 
     </span>
    </p>
   </div>
   <div class='ocr_carea' id='block_1_7' title="bbox 0 0 1022 3025">
    <p class='ocr_par' dir='ltr' id='par_1_7' title="bbox 0 0 1022 3025">
     <span class='ocr_line' id='line_1_38' title="bbox 0 0 1022 3025; baseline 0 2"><span class='ocrx_word' id='word_1_224' title='bbox 0 0 1022 3025; x_wconf 95' lang='lat' dir='ltr'><strong> </strong></span> 
     </span>
    </p>
   </div>
  </div>
 </body>
</html>
