2034 3025
177 64 227 120 1³8
270 60 572 119 maronianum
591 61 678 131 [LV.
689 62 748 117 823.
761 60 796 113 l.
807 60 840 115 G.
853 64 918 133 γα]

174 163 299 218 exuerat
334 168 361 217 is
374 166 522 219 Valentem
539 166 657 215 comiter
671 170 834 230 exceptum,
868 184 907 219 ne
924 170 987 221 Gal·

74 257 86 269 ⁴
173 234 240 286 liam
249 233 445 287 Narbonensem
454 242 552 285 temere
561 232 761 300 ingrederetur,
770 235 923 287 monendo
934 243 987 288 ter-

174 306 244 355 ruit:
267 302 351 354 simul
360 308 516 355 ceterorum
526 301 595 352 fides
605 306 681 351 metu
691 299 822 352 infracta.
863 320 988 371 namque
1013 310 1014 357 i

175 374 365 423 circumiectas
376 373 500 422 civitates
510 370 679 421 Procurator
689 368 819 421 Valerius
825 370 988 436 Paullinus,

173 446 306 492 strenuus
316 441 440 503 militiae,
460 445 489 490 et
496 438 669 504 Vespasiano
679 444 744 490 ante
755 437 911 493 fortunam
922 444 987 493 ami·

174 525 223 563 cus
233 512 262 559 in
271 510 358 561 rerba
369 511 427 560 eius
437 507 579 574 adegerat.

225 578 326 629 XLlll.
356 578 533 643 concitisque
553 574 694 638 omnibus,
729 574 778 641 qui
801 580 985 629 exauctorati
1012 596 1014 631 τ

174 644 313 699 avitellio
329 645 433 698 bellum
450 650 549 711 sponte
564 645 724 705 sumebant,
753 642 984 699 Foroiuliensem
1012 644 1014 727 i

173 715 323 778 coloniam,
334 716 455 766 claustra
465 714 556 774 maris,
568 712 706 780 praesidio
717 712 868 763 tuebatur:
882 729 918 767 eo
929 731 983 782 gra·
1013 730 1014 743 ¹

172 786 234 834 rior
244 790 350 845 auctor,
366 783 441 851 quod
451 782 578 833 Paullino
589 784 677 847 patria
685 780 788 833 Forum
799 781 880 845 iulii,
900 790 932 835 et
943 784 983 833 ho·

173 865 225 901 nos
236 850 309 916 apud
320 850 530 913 Praetorianos‚
555 864 671 917 quorum
682 848 824 916 quondam
835 850 981 903 Tribunus

173 917 274 969 fuerat.
310 920 419 987 Ipsique
428 921 538 986 pagani,
546 916 644 969 favore
655 917 814 982 municipali
825 924 857 969 et
869 919 980 971 futurae

172 989 315 1052 potentiae
324 1002 381 1054 spe,
399 989 494 1039 iuvare
503 991 598 1053 partes
608 986 812 1038 adnitebantnr.
874 1003 931 1040 uae
940 989 981 1037 ubi

173 1062 274 1122 paratu
283 1058 373 1120 firma,
393 1063 423 1107 et
432 1063 514 1107 aucta
523 1069 645 1115 rumore,
666 1053 737 1121 apud
747 1055 841 1105 varios
883 1057 980 1109 itellia

149 1129 151 1133 ’
173 1138 274 1174 uorum
284 1126 392 1175 animos
403 1126 579 1194 increbuerat,
610 1123 712 1175 Fabius
722 1116 826 1173 Vale'ns
836 1138 906 1175 cum
919 1140 980 1193 qua·

163 1198 240 1250 ,tuor
250 1192 471 1257 speculatoribus
486 1198 515 1243 et
529 1192 620 1242 tribus
636 1193 745 1252 amicis,
772 1190 902 1244 totidem
918 1194 981 1244 Cen·

173 1261 345 1324 turionibus,
365 1259 495 1311 sanares
504 1259 675 1325 regreditur:
694 1260 807 1311 Maturo
819 1263 980 1327 ceterisque

172 1343 334 1390 remanere,
359 1333 388 1379 et
397 1329 426 1379 in
436 1328 694 1392 verbavespasiani
705 1327 796 1394 adigi,
818 1328 980 1381 volentibus
1013 1328 1014 1331 ’

174 1396 237 1449 luit
262 1398 401 1459 Ceterum,
420 1397 637 1448 utmaretatius
648 1396 769 1458 Valenti,
788 1410 877 1464 quam
889 1398 980 1461 litora,

174 1473 224 1518 aut
233 1466 316 1520 urbes
323 1482 339 1530 3·
349 1468 390 1517 ita
399 1464 487 1517 futuri
497 1463 655 1532 ambiguus,
674 1470 704 1516 et
713 1466 816 1534 magis,
835 1467 906 1532 quid
918 1469 980 1518 via·

175 1542 231 1597 ret,
259 1537 396 1603 quamcui
406 1535 522 1597 fideret,
552 1539 659 1594 certus,
684 1532 801 1584 adversa
810 1540 979 1602 tenrpestate

175 1603 360 1667 Stoechadas,
387 1603 605 1655 Massiliensium
617 1601 736 1664 insulas,
766 1601 908 1656 adfertur.
946 1605 980 1656 ibi

174 1688 237 1725 eum
247 1671 513 1724 missaeaPaullino
521 1671 690 1722 Liburnicae
700 1684 877 1736 oppressere.

226 1741 326 1794 XLlV.
345 1742 432 1806 Capto
448 1739 583 1802 Valente,
609 1743 710 1790 cuncta
725 1737 759 1789 ad
774 1740 894 1800 uictoris
915 1756 982 1808 opes

174 1824 319 1873 conversa,
337 1810 416 1860 initio
426 1823 476 1875 per
486 1808 649 1873 Hispaniam
660 1822 677 1856 a
687 1807 776 1872 prima
785 1806 938 1860 Adiutrice
948 1812 984 1861 le·
1011 1827 1012 1872 i

194 1880 256 1928 ione
268 1884 340 1940 orto,
356 1893 443 1944 quae,
460 1878 595 1927 memoria
605 1873 721 1927 Othonis
732 1874 841 1925 infensa
852 1877 983 1939 Vitellio,

131 1939 147 1946 “
173 1893 308 1995 Ξεοίηιαιιι
318 1961 427 2014 quoque
438 1960 470 1994 ac
480 1949 587 1995 sextam
597 1945 693 1994 traxit.
723 1941 781 1994 Nec
792 1942 907 1996 Galliae
920 1961 984 1997 cun·

174 2013 327 2061 ctabantur.
345 2013 381 2062 Et
390 2013 564 2062 Britanniam
575 2013 686 2063 inclitus
697 2025 764 2077 erga
772 2010 983 2078 Vespasianum

173 2077 266 2140 favor,
287 2079 362 2145 quod
372 2080 431 2130 illic
440 2081 578 2131 secundae
588 2080 691 2148 legioni
702 2094 719 2130 a
730 2079 846 2130 Claudio
858 2095 982 2148 praepo·
1010 2111 1011 2148 r

174 2149 244 2198 situs
256 2146 369 2198 etbello
380 2147 470 2198 clarus
485 2153 593 2214 egerat,
620 2163 675 2198 non
686 2150 746 2199 sine
756 2152 834 2197 motu
845 2150 985 2202 adiunxit
1010 2149 1011 2220 i

174 2223 336 2278 ceterarum,
352 2214 491 2282 inquibus
502 2216 627 2284 plerique
639 2217 820 2268 Centuriones
830 2231 865 2267 ac
874 2219 984 2270 milites

173 2299 192 2337 a
204 2285 319 2338 Vitellio
333 2285 468 2352 provecti,
495 2289 640 2353 expertum
654 2287 709 2336 iam
725 2284 883 2352 Principem
901 2289 984 2344 anxii

172 2355 327 2404 mutabant.

224 2421 310 2473 XLV.
327 2421 369 2471 Ea
379 2420 530 2481 discordia,
557 2424 586 2472 et
594 2420 699 2472 crebris
709 2419 774 2473 belli
785 2421 874 2474 civilis
883 2437 983 2475 rumo-

172 2489 261 2552 ribus,
283 2487 411 2540 Britanni
421 2488 558 2538 sustulere
569 2490 688 2550 animos,
713 2489 984 2543 auctoreVenutior

175 2557 236 2622 qui,
270 2569 354 2622 super
376 2555 487 2606 insitam
512 2553 650 2624 ferociam,
671 2561 701 2610 et
719 2557 838 2615 Romani
856 2562 985 2614 nominis
