2034 3025
29 24 69 42 rvr,
81 14 108 49 ’,Γ
126 16 155 52 ⁴4(

23 47 28 59 ¹
133 54 148 71 a

171 5 191 42 ἶ(
201 24 206 42 l
217 34 224 46 ,.
236 33 238 36 -
248 4 328 44 Η-(ίῖἷ

169 152 225 208 aro
248 223 251 228 Ι
285 128 551 207 rvurtncmc.
569 106 670 205 virs
690 132 872 224 enat-o.

168 230 981 371 mm

8 357 17 368 =
111 378 116 388 ,
168 326 373 391 aVespasianov
381 323 492 390 Imperii
503 322 587 389 depre
609 290 705 389 ens-us,
727 337 759 374 ao
769 324 864 375 statim
876 326 908 376 in
919 342 984 393 par.

146 538 150 550 t

4 578 26 610 ’φ’
35 570 75 612 '1:1¹'
111 546 159 604 (phi

137 427 143 433 ·
166 402 212 447 tes
222 401 414 462 transgressus
424 392 474 444 estss
491 392 576 444 initia
587 390 765 459 Prius-ipatus
776 389 926 447 aestatum
936 412 984 449 ur·

168 465 212 517 bis
222 464 370 515 Mucianus
380 463 510 531 regebat,
535 460 684 512 admodum
696 462 794 513 iurene
805 462 985 531 Domitiano,

163 540 200 589 ret
219 548 254 585 ex
268 539 386 600 paterna
401 534 517 586 fortuna
535 534 644 581 tantum
660 530 799 583 licentiam
813 544 984 600 usurpante.

82 628 88 635 ·
167 604 197 657 ls
208 604 322 656 missum
337 603 373 653 ad
386 592 652 673 delecmfflcndos
661 600 835 669 Agricolam,
858 604 988 673 integre-

79 720 85 725 .
170 689 224 742 que
235 688 268 725 ao
276 677 391 723 strenue
401 675 551 733 versatum,
566 669 713 721 vicesimae
724 671 839 738 legioni,
850 673 935 725 tarde
947 676 985 727 ad

169 746 373 808 sacramentum
383 747 586 807 transgressae,
604 741 774 806 praeposuit,
787 740 837 791 ubi
848 741 986 796 decessor

168 812 303 864 seditiose
317 824 403 877 agere
417 810 600 867 narrabatur:
628 810 729 877 quippe
738 810 856 879 Legatis
866 827 983 881 quoque

170 876 784 933 Consularibusnimiaacformidolosaerat.
821 878 985 951 NecLega-

73 946 79 953 ’
168 954 214 1001 tus
225 948 387 1004 Praetorius
396 947 433 998 ad
444 946 629 999 cohibendum
640 952 748 1014 potens,
763 950 915 1015 incertum,
934 968 985 1003 suo

168 1034 205 1071 an
221 1017 341 1070 militum
359 1018 485 1086 iugenio:
513 1018 554 1069 ita
572 1018 831 1082 successor-simul,
862 1027 894 1072 ct
909 1022 987 1079 ultor

170 1088 287 1152 electus,
313 1085 675 1151 rarissima-moderatione,
699 1087 798 1139 maluit
806 1087 902 1141 uideri
913 1092 988 1144 iure

89 1193 94 1198 -
119 1180 122 1182 “
168 1159 244 1211 nisse
253 1159 352 1219 bonos,
372 1155 576 1224 quamfecisse.

222 1226 295 1279 Vlll.
314 1225 449 1278 Praeerat
463 1230 531 1276 tunc
544 1224 708 1277 Britanniae
720 1224 834 1278 Vettius
844 1226 987 1294 Bolanus,

169 1295 320 1366 placidius,
349 1294 532 1362 quamferoci
542 1294 686 1361 provincia
697 1295 810 1362 dignum
820 1302 879 1347 est.
919 1307 988 1351 tem·

98 1390 103 1393 ·
169 1368 280 1436 peracit
288 1365 418 1434 Agricola
427 1366 483 1415 vim
492 1378 581 1427 suam,
601 1364 785 1431 ardoremque
796 1373 987 1435 compescuit,

169 1438 398 1498 neincresceret3
429 1435 534 1503 peritus
545 1434 676 1501 obsequi,
705 1433 895 1503 eruditusque
906 1440 988 1491 utilia

170 1504 296 1559 honestis
312 1506 438 1558 miscere.
474 1504 558 1556 Brevi
577 1502 678 1556 deinde
689 1502 837 1566 Britannia
847 1505 989 1560 Consula-

106 1588 109 1594 ·
170 1591 231 1628 rem
242 1575 374 1628 Petilium
386 1571 523 1626 Cerialem
535 1573 654 1640 accepit.
682 1573 853 1626 Habuerunt
863 1579 991 1630 virtutes

98 1644 106 1670 Ψ
171 1647 293 1712 spatium
304 1643 506 1710 exemplorum.
543 1641 597 1694 Sed
614 1643 704 1709 primo
716 1642 837 1694 Cerialis
846 1647 939 1698 ruodo
951 1647 992 1700 la·

170 1714 255 1766 bores
267 1721 295 1766 et
306 1712 479 1777 discrimina,
499 1726 566 1765 mox
576 1717 605 1763 et
614 1710 732 1778 gloriam
743 1713 992 1768 communicabat:

91 1798 99 1802 “
171 1799 256 1850 saepe
268 1785 341 1850 parti
353 1785 504 1846 exercitus,
528 1784 557 1833 iu
568 1783 803 1848 experimentum,
823 1781 993 1851 aliquando

171 1855 325 1919 maioribus
336 1853 431 1919 copiis,
447 1867 483 1904 ex
493 1856 603 1912 eventu,
614 1851 758 1916 praefecit
787 1865 839 1902 nec
848 1853 994 1921 Agricola

170 1937 302 1990 umquam
312 1923 341 1973 in
353 1937 431 1974 suam
442 1921 545 1973 famam
557 1921 644 1989 gestis
655 1920 818 1983 exsultavit3
838 1921 877 1971 ad
889 1931 994 1976 aucto-

170 2005 229 2048 rem
251 1997 280 2044 et
297 1991 419 2052 Ducem,
441 1996 475 2042 ut
491 1991 635 2053 minister,
667 1989 808 2040 fortunam
827 1990 993 2044 referebat.

171 2061 213 2114 ita
222 2061 326 2111 virtute
340 2061 368 2110 in
379 2060 571 2129 obsequendo,
598 2059 768 2126 ¹uerecundia
778 2061 805 2110 in
818 2061 993 2126 praedicau-

172 2128 218 2194 do‚
238 2134 319 2180 extra
328 2128 471 2191 inuidiam,
490 2144 543 2180 nec
553 2134 634 2180 extra
643 2127 773 2196 gloriam,
794 2137 869 2180 erat.

225 2198 273 2251 tx.
291 2199 487 2250 Revertentem
499 2199 534 2250 ab
545 2197 688 2266 legatione
697 2198 817 2266 legionis
828 2196 868 2250 Ι).
879 2199 991 2266 vespa-

172 2270 269 2320 sianus
279 2270 352 2320 inter
362 2270 494 2334 patricios
505 2267 636 2330 adscivit,
662 2282 695 2320 ac
705 2267 807 2320 deinde
818 2269 991 2333 provinciae

170 2339 338 2405 Aquitaniae
348 2339 521 2404 praeposuit,
540 2335 702 2403 splendidae
713 2339 741 2387 in
752 2336 851 2403 primis
864 2332 992 2406 dignita-

87 2461 90 2464 ,
172 2407 224 2468 tis,
245 2406 780 2473 administrationeaospeConsulatus,
804 2406 849 2456 cui
861 2402 994 2460 destina·

172 2481 227 2525 rat.
265 2475 389 2526 Credunt
398 2475 539 2542 plerique,
563 2473 731 2526 militaribus
741 2473 865 2543 ingeniis
874 2477 997 2530 subtili·

171 2547 259 2593 tatem
270 2543 381 2605 deesse,
410 2544 476 2609 quia
494 2543 644 2595 castrensis
659 2543 818 2595 iurisdictio
836 2559 949 2598 nectara
965 2555 1000 2600 et

171 2608 308 2673 obtusior,
318 2627 352 2662 ao
361 2611 444 2676 plura
454 2626 537 2662 manu
548 2625 643 2678 agenr,
659 2611 846 2664 calliditatem
857 2613 921 2666 furi
933 2633 1000 2669 non

171 2683 307 2730 exerceat.
321 2698 325 2704 ¹
342 2679 474 2749 Agricola
483 2679 601 2731 naturali
612 2681 774 2748 prudentia,
802 2685 943 2750 quamvis
954 2688 1000 2739 iu-
