2034 3025
88 147 176 201 ma.
193 145 244 200 iv.
259 147 474 201 canan-22
493 144 582 216 [m.
594 164 651 213 777·
671 148 739 202 nc.
751 150 805 219 ‚m
835 150 884 205 ras

68 250 135 303 i'ato
146 256 178 303 et
191 258 268 303 sorta
282 252 428 313 nascendi,
447 258 480 302 ut
493 258 601 314 cetera,
621 256 661 303 ita
673 253 828 320 Principum
844 258 884 309 in·

68 322 191 373 clinatto
201 322 230 371 in
240 317 301 383 hos,
319 314 437 371 offensio
447 323 476 371 ia
485 321 566 373 illos:
585 336 621 373 an
631 323 669 373 sit
679 322 785 391 aliquid
796 327 824 375 in
835 340 884 378 no·

68 392 140 441 stris
154 390 292 452 consiliis,
312 388 465 458 liceatque,
488 391 562 441 later
576 392 722 457 abruptam
740 398 898 461 conturna„

69 460 153 522 eiam,
168 463 199 509 et
209 457 335 511 deforme
345 460 517 526 obsequium,
526 474 644 527 pergere
654 462 717 523 iter,
728 462 880 515 ambitione

67 529 249 595 aupericulis
269 542 393 578 vacuum.
428 528 661 581 terremotum
681 530 777 593 Cotta,
806 528 880 583 hauri

66 600 164 650 minus
173 596 259 647 claris
269 597 429 667 maioribus,
443 598 492 647 seri
503 600 596 649 animo
609 598 744 661 diversus,
764 600 881 663 censuit,

66 666 219 719 carendum
226 664 473 729 &nctmonssttm
484 675 516 718 at
526 682 686 735 quemquam
695 668 814 721 insontes
823 684 880 721 ms·

63 736 218 805 gistrum,
233 742 260 785 et
269 736 365 802 culpae
375 734 480 787 clusae
488 735 581 799 nendi,
593 736 805 804 provincialibus
815 752 881 793 m·

66 818 131 857 tum
141 802 311 866 criminibus,
327 803 441 871 perinde
451 821 531 872 quam
541 805 607 868 suit,
622 807 816 874 plecterentur.

121 873 200 923 xxi.
218 873 315 923 lictum
331 870 429 925 dehinc
444 874 479 925 da
494 873 646 949 Calpurnio
661 874 774 939 Pisone,
793 876 878 931 nobili

67 942 204 996 aeternat
213 943 283 993 viro.
317 942 345 992 ls
355 957 482 1010 namque,
499 948 532 993 ut
542 944 635 1007 retuli,
649 960 785 997 cessurum
795 962 822 999 se
832 962 877 999 ur·

67 1011 101 1064 ie
111 1009 292 1081 obsectione·
302 1019 501 1074 accusatorum,
520 1013 549 1063 ia
561 1012 665 1065 Senatu
676 1013 881 1079 clamitaverat,¹

67 1087 107 1144 et,
129 1085 227 1145 spreta
235 1081 360 1146 potentia
369 1083 524 1149 Augustae,
545 1080 655 1135 trahere
666 1084 693 1133 in
704 1086 748 1135 ius
759 1085 877 1151 Vrgula-

66 1151 159 1211 niam,
186 1148 323 1217 domoque
338 1148 473 1219 Principis
487 1152 580 1203 excire
594 1166 678 1203 ausus
693 1159 762 1205 erat.
797 1154 877 1217 Quae

66 1221 98 1269 in
114 1232 250 1285 praesens
264 1219 393 1271 Tiberius
408 1220 527 1271 civiliter
541 1219 650 1271 habuit:
672 1222 720 1273 sed
734 1224 876 1288 inanimo,

67 1287 232 1339 revolvente
241 1290 310 1350 iras,
329 1289 414 1340 etiam
429 1289 453 1339 si
463 1290 582 1354 impetus
593 1289 754 1343 offensionis
764 1293 876 1360 langue-

70 1361 132 1419 rat,
152 1357 286 1407 memoria
299 1356 418 1409 ualebat.
453 1357 582 1410 Pisonem
598 1360 632 1421 Q.
643 1360 763 1411 Granius
774 1362 875 1413 secreti

66 1426 205 1476 sermonis
224 1426 371 1488 incusavit,
408 1425 555 1479 adversum
580 1429 753 1480 maiestatem
775 1428 873 1481 haliiti:

67 1491 235 1562 adiecitque,
253 1493 283 1547 in
293 1494 369 1547 domo
379 1494 437 1548 cius
447 1510 649 1560 cenenumesre,
664 1496 876 1565 cutesquegluclio

66 1563 221 1616 accinctum
234 1562 351 1616 introire
366 1563 478 1617 curium.
505 1565 593 1634 quod,
613 1571 645 1616 ut
660 1569 781 1617 atrocius
800 1580 875 1627 sero,

66 1634 242 1700 tremissum:
266 1639 436 1697 ceterorum,
458 1649 530 1701 quae
546 1635 635 1686 multa
651 1633 874 1696 cumulabantur,

53 1706 200 1768 secentas
215 1708 259 1754 est
273 1718 351 1766 reus3
370 1719 461 1770 neque
475 1709 620 1770 peractus,
641 1705 676 1756 ob
689 1709 808 1755 mortem
827 1717 875 1770 op·

68 1775 224 1837 portunam.
259 1771 388 1823 Relatum
399 1773 473 1824 etde
484 1775 580 1825 cassio
591 1773 692 1827 Severo
704 1772 810 1835 exsule,
826 1773 874 1841 qui

68 1839 197 1891 sordidae
212 1841 342 1908 originis,
361 1842 507 1894 maleficae
521 1847 610 1905 ritae,
629 1841 677 1894 sed
694 1842 791 1894 orandi
807 1842 875 1894 vali·

68 1908 129 1975 dua,
152 1923 202 1975 per
219 1909 382 1962 immodicas
401 1913 573 1974 inimicitias,
598 1917 630 1962 ut
648 1911 750 1963 iudicio
788 1913 873 1962 iurati
948 1935 956 1940 ·

69 1971 187 2029 senatus
205 1979 317 2030 Cretam
332 1987 522 2044 amoveretur,
547 1979 690 2034 effecerat:
711 1987 795 2048 atque
814 1981 874 2033 illio
911 2027 920 2046 ,

69 2045 165 2098 eadem
180 2048 335 2111 actitando,
354 2051 479 2101 recentia
495 2057 645 2118 veteraque
660 2049 724 2102 odia
738 2051 873 2114 advertit3

69 2115 203 2183 bonisque
218 2122 332 2180 exutus,
355 2117 505 2172 interdicto
520 2121 579 2188 igni
593 2126 676 2188 atque
692 2135 780 2189 aque,
803 2133 873 2174 saxo

69 2180 196 2252 Seriphio
207 2188 360 2238 consenuit.
576 2187 578 2191 '

111 2251 208 2310 xxtl.
228 2253 622 2322 Peridenrtempusi’lautius
633 2255 770 2323 Siluanus,
789 2258 873 2312 Prae·

69 2326 128 2386 tor,
152 2324 267 2375 incertis
281 2325 397 2386 caussis,
421 2324 571 2391 Aproniam
587 2329 732 2394 coniugem
748 2330 776 2380 in
795 2343 873 2394 prae·

70 2405 131 2458 ceps
141 2392 219 2442 iecit:
238 2399 401 2460 tracmsque
411 2395 447 2446 ad
457 2396 603 2448 Caesarem
615 2398 649 2448 ab
659 2397 818 2463 hemonia
830 2412 874 2447 so·
908 2427 911 2436 ·

71 2466 141 2523 teto,
159 2462 271 2514 turbata
280 2469 373 2515 mento
386 2465 545 2530 respondit,
562 2472 703 2533 tamquam
713 2466 871 2533 ipremmno

68 2529 162 2600 gracia
175 2538 259 2601 utque
273 2548 303 2582 co
315 2531 446 2600 Querar,
464 2542 492 2584 et
500 2551 570 2585 uxor
580 2543 673 2602 sponte
683 2544 795 2585 mortem
805 2546 874 2582 eum·

69 2598 172 2668 puscet.
207 2599 272 2650 Non
287 2608 451 2654 cunctanter
459 2601 590 2654 Tiberius
605 2603 695 2670 pergit
709 2603 736 2650 in
753 2601 874 2654 domum·

71 2663 132 2722 uui
142 2666 312 2723 cubiculumr
327 2672 354 2723 in
367 2687 422 2741 quo
432 2671 601 2725 reluctantis·
610 2677 640 2723 et
648 2667 783 2734 impulsae
795 2662 870 2714 resti
