2034 3025
103 111 106 114 ’
163 121 219 198 aaa
245 133 250 140 ·
288 83 518 195 innuerunt
536 118 693 183 [nune
711 119 885 187 neus]-

165 243 224 279 men
229 227 347 300 ferendo
356 226 462 296 Regum
472 226 593 296 ingenia,
602 242 686 292 neque
696 225 758 277 ueni
767 225 875 278 crebros
885 236 973 279 nuato·

164 295 258 348 tiones.
294 294 362 347 Rem
371 295 522 348 Romanam
535 295 587 348 due
606 295 736 348 sotietate
751 294 859 363 gloriae
874 311 973 360 proee-

163 375 245 428 otorn,
260 374 293 416 et
303 365 423 417 externit
433 381 535 432 quoque
541 365 668 436 gentibue
683 365 797 433 quietem
806 364 881 415 velit.
916 365 974 416 Da·

164 439 223 486 tum
234 439 299 502 p‘ost
309 432 379 486 haee
389 435 416 485 C.
429 437 541 504 Cassio,
558 437 606 504 qui
616 434 716 501 Syriae
726 440 867 502 praeerat,
886 434 972 488 dedu·

164 517 228 556 cere
239 506 369 556 iuvenem
379 505 469 570 ripam
481 505 516 555 ad
526 503 686 570 Euphratis.

216 571 277 626 xil.
296 575 338 624 Ea
348 577 519 640 tempestate
531 573 643 624 Cassius
655 577 764 624 eeteros
775 569 973 645 praeminebat

165 642 271 709 peritia
280 641 382 708 legum.
411 656 476 691 nam
490 642 628 693 militares
639 647 715 694 artes
730 656 782 708 per
791 645 881 693 otium
891 643 973 709 igne·

164 718 227 771 tae,
247 709 460 778 industriosque
476 715 525 762 aut
543 712 659 777 ignaros
674 725 729 777 pax
740 710 870 780 in'aequo
881 715 973 762 tenet.

164 781 305 840 Attamen,
316 783 451 845 quantum
462 781 523 830 sine
533 780 608 830 bello
620 780 748 842 dabatur,
768 794 901 838 reuocare
916 780 975 847 pri·
987 788 989 793 ·

164 862 241 898 scum
252 861 368 910 morem,
380 850 535 909 exercitare
545 849 686 916 legiones,
698 865 774 913 eura,
785 851 974 917 prerisu'per·

164 915 230 966 iude
241 930 338 983 agere,
353 931 385 966 ae
395 918 419 967 si
430 915 521 968 hostis
531 915 690 987 ingrueret:
709 919 751 968 ita
761 919 877 988 dignum
886 919 975 991 maio-

165 985 245 1036 ribus
256 986 327 1036 suis.
348 991 376 1036 et
387 984 495 1037 familia
506 988 604 1038 Cassia
613 994 705 1051 ratus,
726 1003 776 1054 per
787 987 848 1039 illas
861 1003 974 1055 queque

165 1068 267 1123 gentes
279 1055 428 1106 celebrata.
457 1056 550 1124 Igitur
560 1060 670 1120 excitis,
686 1073 804 1124 querum
816 1057 849 1108 de
861 1063 975 1108 senten·

101 1167 109 1180 ,
165 1125 208 1174 tia
228 1123 334 1190 petitus
355 1125 427 1187 Rex,
446 1127 605 1192 positisque
624 1129 726 1183 eastris
747 1127 820 1194 apud
839 1125 975 1192 Zeugnra,

167 1191 241 1245 unde
261 1195 382 1244 maxime
401 1195 514 1260 pervius
535 1195 639 1259 amnis,
666 1200 816 1264 postquam
838 1194 975 1246 inlustres

12 1287 19 1300 ε
53 1321 82 1328 ἦ,
116 1278 120 1286 ·
166 1259 399 1332 Parthi,.Rexque
410 1263 532 1314 Arabum
543 1264 665 1316 Acbarus
677 1265 841 1328 advenerat,
877 1266 976 1314 monet

167 1329 364 1395 Meherdaten,
384 1330 563 1384 tartarorum
581 1331 688 1400 inpetus
707 1349 783 1402 aereo
802 1335 976 1384 cruentatione

167 1400 354 1468 languescere,
374 1400 462 1454 autin
471 1401 618 1471 perfidiam
627 1402 743 1455 mutari:
761 1403 854 1469 itaque
864 1408 978 1469 urgeret

156 1478 272 1537 mepta.
310 1470 391 1534 Quod
401 1477 528 1539 spretum
541 1471 641 1526 fraude
653 1473 768 1537 heberi,
788 1475 835 1542 qui
846 1473 978 1524 iuvenem

168 1540 312 1607 ignarum,
328 1546 357 1592 et
368 1548 503 1593 summam
515 1542 658 1595 fortunam
668 1546 697 1593 in
709 1544 776 1596 luxu
786 1548 892 1603 ratum,
906 1539 979 1591 mul-

168 1614 216 1661 tos
232 1622 283 1677 per
299 1610 498 1673 diesadtinuit
517 1612 592 1680 apud
611 1614 742 1679 oppidum
757 1611 903 1663 Edessam.
939 1611 982 1661 Et

168 1678 445 1744 vocanteCarrhene,
452 1689 645 1749 promptosque
655 1698 697 1731 ree
709 1676 883 1739 ostentante,
893 1675 919 1735 si
928 1678 982 1730 eita'

169 1744 352 1811 aduenissent,
373 1761 429 1799 non
439 1751 567 1801 eominus
576 1749 821 1815 Mesopotamiam,
841 1746 892 1796 sed
901 1745 1001 1800 flexu.

15 1889 22 1899 ι
101 1868 103 1872 ,
169 1818 329 1868 Armeniam
347 1822 464 1883 petunt,
482 1817 513 1867 id
530 1818 667 1884 temporis
687 1818 886 1898 inportunam,
910 1817 984 1885 quia

171 1883 260 1938 hiems
273 1886 436 1953 occipiebut.

223 1954 298 2006 Xlll.
321 1956 395 2005 Exin
406 1955 518 2005 nivibus
530 1959 560 2006 et
569 1955 713 2006 mentibus
724 1951 806 2016 sessi,
826 1958 981 2019 postquam

170 2018 283 2091 canipae
293 2024 535 2091 propinquabant,
555 2024 642 2091 copiis
654 2021 804 2075 Carrhenis
821 2022 982 2090 adiungun-

170 2090 226 2143 tur.
241 2092 444 2159 'l‘rarnissuque
455 2108 537 2143 amne
548 2093 638 2159 Tigri,
649 2098 798 2160 permeant
808 2092 981 2156 Adiabenos,

114 2212 116 2215 ,
171 2176 291 2230 quorum
310 2162 369 2212 Rex
388 2162 481 2213 izates
502 2162 669 2215 societatem
687 2159 864 2213 Meherdatis
884 2162 981 2228 palam

169 2230 315 2295 induerat,
334 2231 363 2282 in
375 2230 522 2283 Gotarzen
534 2246 586 2299 per
601 2232 712 2283 occulta
729 2232 859 2299 etmagis
869 2231 926 2281 fidu
937 2232 980 2281 in-

170 2300 303 2353 clinabat.
326 2299 382 2353 Sed
392 2306 474 2368 capta
483 2303 510 2353 in
523 2302 649 2354 transitu
658 2302 726 2354 urbs
736 2300 981 2364 Ninos,‘retustis-

168 2371 242 2431 sima
257 2370 339 2423 sedes
354 2371 498 2437 Assyriae,
519 2376 549 2423 et
562 2371 679 2436 Arbela,
699 2371 846 2423 castellum
866 2370 982 2436 insigne

169 2438 259 2503 fama,
279 2439 368 2509 quod,
386 2446 532 2507 postremo
547 2441 752 2492 interDarium
767 2447 852 2509 atque
862 2438 984 2490 Alexan-

170 2510 251 2562 drum
261 2511 387 2577 proelio,
406 2509 557 2562 Persarum
568 2511 626 2561 illie
637 2525 704 2579 opes
716 2510 907 2563 conciderant.
936 2506 983 2557 ln·

169 2586 252 2633 terea
263 2580 412 2643 Gotarzes,
423 2580 497 2648 apud
506 2582 640 2644 montem,
659 2582 704 2631 cui
715 2595 818 2633 nomen
830 2574 991 2639 Souroutos,-

170 2655 237 2703 veta
249 2649 311 2703 Diis
323 2649 377 2703 loci
387 2651 575 2719 suscipiebat,
593 2652 744 2719 praecipua
758 2650 897 2719 religione
907 2646 983 2697 Her-
