2034 3025
143 101 191 192 rss
235 169 237 174 ,
260 101 666 174 nonnus-vurques.
683 66 834 172 scam

140 221 198 273 pro,
218 205 308 257 levem
317 207 488 257 ietumrenis
498 206 601 269 intulit,
616 209 756 274 vitamque
767 208 948 275 aegritudine

139 276 223 327 animi
232 276 334 328 finivit„
364 275 595 342 'At‘Pomponius‚
618 277 706 327 multa
716 290 825 327 morum
835 277 947 344 elegan-
957 339 961 345 ,

139 348 179 396 tia
190 345 339 412 etingenio
350 345 474 408 inlustri,
503 344 567 395 dum
585 345 731 397 adversam
747 345 888 398 fortunam
901 363 947 400 ae·

140 428 209 482 quus
219 414 331 478 tolerat,
352 415 466 467 Tiberio
477 420 617 480 superstes
627 413 689 466 fuit

192 483 395 536 lX0P1acitu1n
405 482 537 550 posthae,
555 483 631 536 utin
644 483 760 552 reliquos
772 483 946 538 Seianitibe·

126 568 184 604 tros
199 553 389 604 adverteretur
395 569 407 614 ;
435 558 599 606 vanescente
615 569 781 621 quamquam
793 553 882 620 plebis
892 557 946 618 ira,

140 639 172 674 ac
182 620 322 690 plerisque
335 637 385 689 per
395 624 490 689 priora
505 623 639 690 supplicia
647 623 751 675 lenitis.
786 626 873 690 igitur
882 639 945 690 por·

141 697 235 744 tantur
250 692 278 741 in
295 705 449 758 carcerem,
477 692 553 744 iilius
567 695 759 746 inminentium
775 693 946 762 intelligens,

8 764 24 778 ''
90 763 91 768 ’
141 760 233 828 puella
243 761 313 812 adeo
325 765 431 826 nessia,
454 768 487 814 ut
496 764 595 814 crebro
610 765 810 830 interrogaret,
832 763 945 831 quedot

139 830 281 892 delictum,
310 839 336 882 et
346 847 397 899 quo
408 831 583 884 traheretur?
609 849 692 900 neque
697 833 845 904 facturam
854 835 945 885 ultra.-

139 905 179 962 et‚
205 913 319 964 praeese
325 900 429 968 puerili
437 901 544 953 uerbere
554 903 664 954 moneri.
700 902 830 954 'tradunt
840 907 945 969 tempo·

50 1021 57 1028 ,
139 969 177 1019 ris
187 971 404 1033 ,eius-auctores,
429 969 506 1038 quia,
533 969 946 1041 Triumuirair'eupplieioadfies'

139 1036 280 1107 uirginem,
297 1037 451 1091 inauditum
461 1039 619 1102 habebatur,
631 1058 650 1092 a
660 1040 800 1110 carnifice,
819 1042 944 1106 laqueum

138 1107 232 1170 iuxta,
257 1123 448 1173 compressam.-
467 1109 539 1170 exin,
559 1109 650 1162 oblisis
659 1108 855 1182 saucitumd
868 1120 944 1162 aeta·

138 1173 299 1242 tis'eorpora
309 1177 485 1246 ingemutius
495 1177 610 1230 abiecta.
704 1211 708 1215 ν

176 1245 224 1296 ·Χ.
244 1245 298 1298 Per
307 1246 381 1298 idem
392 1253 504 1313 tempus
510 1249 575 1298 Asia
584 1254 668 1315 atque
678 1247 782 1301 Achaia
791 1250 943 1300 exterritae

132 1319 216 1379 sunt,
236 1316 507 1384 acrimagis,-quam
521 1317 653 1370 diuturno
664 1335 790 1381 rumore,
809 1317 943 1381 Drusum,
963 1370 967 1374 .

142 1383 404 1453 Germauitifile‘am,
421 1384 495 1454 apud
505 1383 637 1454 Cycladas
646 1388 760 1451 insulas,
771 1404 833 1438 mox
842 1385 872 1440 in
882 1403 943 1439 cou-

138 1453 238 1508 tiueutr'
257 1454 352 1506 uisum.
389 1461 418 1508 et
433 1451 615 1508 crat'iurenis
630 1457 704 1510 haud
719 1458 822 1525 dispari
841 1462 944 1521 aetate,

139 1524 303 1593 quibusdam
314 1527 442 1578 Caesaris
457 1528 581 1591 libertis,
597 1530 679 1582 'reiut
692 1532 817 1595 agnitus,
836 1527 945 1595 perdo·

139 1590 250 1663 lunaque
272 1597 476 1647 comitantibus.
513 1597 723 1650 Adliciebantur
736 1598 837 1665 ignari,
868 1596 944 1648 fama

138 1666 271 1727 nominis,
292 1671 319 1717 et
333 1666 470 1732 promptis
481 1666 651 1717 Graecorum
668 1668 767 1719 animis
783 1665 819 1717 ad
832 1679 904 1717 nova
916 1673 945 1719 et

138 1735 221 1784 mirae
241 1732 338 1801 quippe
348 1736 466 1800 elapsum
476 1734 629 1797 custodiae,
643 1749 760 1801 pergere
769 1733 946 1799 adpeteruoe

138 1802 286 1864 exereitus,
314 1800 469 1872 Aegyptum
479 1810 530 1853 aut
541 1802 649 1869 δῃνὲαηι
659 1802 830 1863 inuasurum,
848 1802 945 1878 ‘tinge-

136 1871 205 1922 bant
215 1870 300 1923 simul
315 1870 529 1937 credebantque.
563 1873 620 1921 iam
630 1871 781 1923 iuventutis
797 1885 946 1938 concursu,

139 1943 194 1991 iam
204 1941 323 2007 publicis
333 1939 431 1991 studiis
447 1939 691 2006 frequentabatur,
710 1940 803 1992 laetrrs
812 1955 944 2007 praesen.

137 2009 226 2071 tibus,
245 2015 274 2059 et
283 2009 406 2059 inanium
417 2022 480 2073 spe;
500 2022 563 2062 cum
577 2008 703 2061 auditum
718 2010 746 2060 id
758 2010 885 2076 Poppaeo
895 2009 976 2065 San*

136 2078 211 2129 bino.
246 2078 283 2139 Is,
304 2077 488 2129 Macedoniae
503 2082 563 2128 tum
578 2078 714 2142 intentus,
735 2078 866 2131 Achaiam
878 2096 945 2149 qno·

136 2148 325 2213 quecurabat.
361 2148 464 2215 Igitur,
486 2162 540 2215 quo
554 2162 636 2211 vera,
655 2164 705 2201 sen
725 2148 797 2200 falsa
813 2151 944 2215 anteiret,

135 2218 315 2268 'l'oronaeum
339 2215 581 2285 Thermaeumque
610 2220 701 2273 sinum
728 2218 943 2285 praefestinans,

136 2300 201 2338 mox
210 2287 368 2351 Euboeam,
387 2287 491 2353 Aegaei
501 2290 587 2339 maris
602 2289 734 2352 insulam,
755 2294 785 2341 et
794 2290 942 2341 Piraeeum

135 2356 243 2408 Atticae
253 2371 335 2420 orae,
360 2356 425 2407 dein
437 2356 629 2410 Corinthiense
640 2359 720 2421 litus,
746 2358 944 2427 angustiasque

74 2446 79 2450 ·
134 2422 232 2477 Isthmi
245 2427 350 2478 eradit:
380 2427 506 2493 marique
524 2428 579 2478 aiio
589 2427 759 2496 Nicopolim,
788 2430 943 2481 Romanam

56 2556 58 2561 ,
135 2494 288 2558 coloniam,
316 2496 472 2563 ingressus,
496 2497 536 2548 ibi
546 2497 656 2551 demum
667 2499 821 2566 cognoscit,
846 2496 943 2548 soller-

132 2567 188 2616 tius
197 2567 416 2634 interrogatum,
436 2565 659 2640 qairuamforet,
684 2569 801 2630 dixisse,
820 2565 860 2617 Μ.
873 2564 942 2617 Sila-

133 2634 315 2705 aagendam:
335 2640 377 2701 et,
397 2636 491 2691 multis
501 2642 672 2707 sectatorum
682 2637 810 2706 dilapsis,
829 2634 944 2696 adscen-
