2034 3025
165 136 202 187 oo
286 132 516 187 nuunurvm
533 104 692 203 [avum-
712 133 852 206 A.c.19.]

164 235 291 299 domines,
301 245 351 287 uret
360 254 413 289 non
423 236 573 306 ignoscent.
602 238 832 301 luravereamiei,
843 240 965 294 dextram

165 308 309 362 morientia
329 309 531 375 contingentes,
551 306 679 375 spiritam
698 316 772 374 ante,
791 324 872 375 quum
891 308 968 361 ultio.

164 375 396 438 aemamissuros.
443 411 447 415 >

216 445 329 499 LXXll.
347 448 428 509 Tum,
447 445 483 496 ad
497 456 613 510 uxorem
626 442 733 516 versus,
749 463 802 515 per
816 448 967 507 memorum

140 524 145 533 ’
168 514 220 579 oui,
235 530 287 583 per
306 530 455 568 communes
474 513 681 581 lilerosorarit,
701 525 812 570 exueret
825 518 968 591 ferocium,

165 583 296 637 saevienti
305 585 441 657 fortunae
451 584 621 638 submitteret
631 586 766 648 unientem
785 604 836 639 neu
847 600 968 668 regressa

103 717 105 720 Ι
164 652 303 706 ila-artem
317 654 496 708 mulcatione
510 654 652 721 potentiue
671 656 815 709 validiores
832 656 969 709 inniterer.

166 724 247 777 Haeo
256 723 358 788 palam,
370 729 398 775 et
408 724 464 775 alia
474 730 598 791 aeoret03
613 740 664 792 per
674 741 744 792 quae
755 725 904 778 ostendere
913 738 971 774 ore·

167 793 288 845 debatur
299 798 404 844 metum
416 808 451 845 ex
461 795 584 847 Tiberio.
621 795 718 862 Neque
737 795 824 846 multo
844 800 905 861 poet
925 806 971 843 ex·

167 863 326 929 stinguitur,
343 865 453 930 ingenti
471 865 548 915 luctu
563 868 721 931 provinciae
736 870 765 929 et
780 864 973 915 circumiacen-

167 934 238 983 tium
257 932 431 999 populorum.
467 933 616 991 indoluere
638 940 751 986 exterae
773 936 898 984 nationes
922 932 973 983 ue

167 1016 283 1069 geaque:
301 1006 381 1053 tanta
396 1002 436 1051 illi
452 1005 569 1053 comitas
579 1006 608 1053 in
619 1005 723 1067 socios,
743 1000 926 1053 mansuetudo
943 1002 972 1050 in

169 1068 277 1122 hostes:
294 1073 409 1137 risuque
422 1076 450 1122 et
459 1072 557 1137 auditu
567 1074 645 1123 iuxta
655 1072 829 1133 venerabilis,
844 1084 904 1120 oum
915 1084 974 1118 ma-

168 1140 340 1208 gnitudinem
358 1146 387 1191 et
401 1143 567 1207 gravitatem
582 1157 706 1193 summae
727 1141 855 1192 fortunae
871 1140 975 1191 rotine-

168 1214 224 1273 ret,
231 1209 366 1260 vinuidiam
377 1215 406 1260 et
416 1210 608 1276 adrogantiam
620 1209 765 1278 effugerat.

220 1277 347 1330 Lxxlll.
365 1280 460 1329 Funus
479 1282 539 1331 sine
559 1281 725 1349 imaginibus
745 1285 774 1331 et
792 1291 905 1345 pompa,
922 1288 974 1341 per

169 1347 277 1417 laudes,
292 1354 321 1399 et
329 1352 491 1399 memoriam
502 1352 637 1401 virtutum
649 1353 707 1401 eius
718 1346 899 1400 eelebreluit.
936 1345 976 1397 Et

68 1436 84 1467 ἰ
168 1422 258 1481 orant,
269 1420 316 1485 qui
327 1417 454 1481 formam,
465 1423 598 1503 aetatem,
607 1435 694 1488 genus
705 1420 810 1503 inertia,
817 1416 853 1499 ob
864 1416 974 1481 propin·

168 1489 303 1556 quitatem
322 1490 405 1540 etiam
424 1488 564 1553 locorum,
583 1507 612 1541 m
628 1490 727 1557 quibua
741 1491 855 1548 mterut,
876 1484 974 1551 Magni

167 1558 318 1611 Alexandri
329 1556 395 1609 fatis
406 1558 604 1625 adaequarent.
628 1559 698 1612 lium
708 1566 852 1622 tetrumque
862 1570 976 1622 corpore

167 1629 277 1692 decoro,
293 1643 394 1697 genere
407 1627 524 1697 insigem,
544 1627 619 1680 leand
631 1631 744 1680 multum
760 1625 879 1695 triginta
890 1638 977 1676 annos

168 1712 312 1763 egressum,
331 1712 439 1748 sitorum
447 1696 562 1760 insidiis,
582 1707 708 1750 externas
717 1697 791 1749 inter
798 1701 895 1764 gentes
906 1693 977 1743 occs'-

168 1767 251 1818 disse:
268 1765 316 1828 sed
323 1764 393 1817 iuno
403 1765 495 1817 tnitem
505 1783 572 1836 erga
582 1768 692 1831 amicos,
712 1766 843 1818 modicam
852 1765 976 1828 volupta-

168 1845 236 1898 tum,
253 1850 305 1886 uno
320 1834 502 1898 enotrimons'o,
518 1836 600 1889 eerta's
610 1837 702 1889 literis
713 1835 812 1905 egisse:
832 1847 916 1897 neque
926 1830 980 1882 mi-

167 1920 219 1958 nus
229 1904 420 1970 proeliatorem
427 1921 438 1965 ,¹
456 1905 539 1956 etium
553 1906 578 1958 sa'
592 1906 732 1958 temeritas
747 1901 879 1974 abfirerit,
894 1915 979 1967 prae·

163 1972 325 2044 peditesque
336 1973 382 2036 sit,
396 1977 538 2040 perculsus
554 1984 597 2028 tot
610 1974 732 2027 victoriis
746 1968 907 2026 Germanias
921 1985 967 2022 ter

167 2041 236 2094 vitio
242 2058 374 2110 premere.
393 2044 464 2108 quod
477 2043 502 2094 si
515 2047 586 2098 solos
601 2044 704 2098 orditer
718 2058 823 2103 rerum,
842 2039 867 2091 si
877 2039 938 2090 s'ure
950 2045 978 2091 et

167 2110 273 2168 nomine
292 2111 369 2192 regio
383 2112 497 2184 fuisset,
517 2121 595 2169 tanto
610 2113 764 2181 promptius
784 2112 978 2163 adsecuturum

166 2180 286 2252 glorium
296 2180 420 2246 malitiae,
430 2191 562 2248 quantum
572 2183 723 2245 clementio,
734 2178 926 2249 temperantia,
935 2194 979 2228 ee·

168 2250 237 2303 teris
252 2249 325 2303 donis
342 2251 449 2303 artibus
465 2253 659 2319 praestitisset.
697 2253 802 2318 Corpus
824 2255 977 2315 antequam

169 2326 350 2383 cremaretur,
369 2319 502 2372 nudatum
513 2324 540 2372 in
552 2321 613 2373 loro
624 2320 860 2380 Antiochensium,
880 2319 927 2384 qui
937 2317 979 2379 l.⁰·

168 2404 218 2441 eus
229 2390 387 2456 sepulturae
408 2390 608 2453 destinabatur,
627 2391 826 2456 praetuleritne
846 2385 977 2444 veneficii

168 2460 258 2526 sigua,
277 2473 375 2525 parum
386 2460 520 2510 constitit.
538 2475 612 2522 nam,
631 2465 663 2510 ut
673 2461 734 2526 quis
744 2455 935 2510 misericordia
947 2458 977 2506 in

170 2526 381 2592 Germanicum,
402 2533 431 2579 et
444 2535 628 2596 praesumpta¹
641 2529 797 2595 suspicione
813 2531 861 2578 aut
875 2523 977 2579 lavoro

168 2599 198 2647 in
208 2595 336 2649 Pisonem
346 2599 469 2663 pronior,
480 2597 583 2648 diversi
593 2596 857 2662 interpretabantur.

222 2665 347 2720 dxxiv.
367 2665 559 2718 Consultatum
570 2666 635 2719 inde
645 2668 719 2722 inter
727 2665 860 2735 Legatos,
871 2665 977 2734 quique
