<?xml version="1.0" encoding="UTF-8"?>
<!DOCTYPE html PUBLIC "-//W3C//DTD XHTML 1.0 Transitional//EN"
    "http://www.w3.org/TR/xhtml1/DTD/xhtml1-transitional.dtd">
<html xmlns="http://www.w3.org/1999/xhtml" xml:lang="en" lang="en">
 <head>
  <title>
</title>
<meta http-equiv="Content-Type" content="text/html;charset=utf-8" />
  <meta name='ocr-system' content='tesseract 3.04.00' />
  <meta name='ocr-capabilities' content='ocr_page ocr_carea ocr_par ocr_line ocrx_word'/>
</head>
<body>
  <div class='ocr_page' id='page_1' title='image "./ccorneliitaciti00socigoog/ccorneliitaciti00socigoog_0187.png"; bbox 0 0 2034 3025; ppageno 0'>
   <div class='ocr_carea' id='block_1_1' title="bbox 130 27 891 142">
    <p class='ocr_par' dir='ltr' id='par_1_1' title="bbox 130 27 891 142">
     <span class='ocr_line' id='line_1_1' title="bbox 130 27 891 142; baseline -0.005 -17"><span class='ocrx_word' id='word_1_1' title='bbox 130 69 183 126; x_wconf 77' lang='lat' dir='ltr'>rso</span> <span class='ocrx_word' id='word_1_2' title='bbox 251 27 656 142; x_wconf 72' lang='lat' dir='ltr'>ununnrvnss.v.779.</span> <span class='ocrx_word' id='word_1_3' title='bbox 675 70 814 138; x_wconf 81' lang='lat' dir='ltr'>s.c.2e.]</span> <span class='ocrx_word' id='word_1_4' title='bbox 860 94 891 121; x_wconf 47' lang='grc' dir='ltr'>ι,</span> 
     </span>
    </p>
   </div>
   <div class='ocr_carea' id='block_1_2' title="bbox 51 243 939 370">
    <p class='ocr_par' dir='ltr' id='par_1_2' title="bbox 51 243 939 370">
     <span class='ocr_line' id='line_1_2' title="bbox 51 243 939 370; baseline 0.001 -72"><span class='ocrx_word' id='word_1_5' title='bbox 51 267 55 270; x_wconf 93' lang='grc'><strong><em>·</em></strong></span> <span class='ocrx_word' id='word_1_6' title='bbox 128 247 325 370; x_wconf 60' lang='grc' dir='ltr'>ξηιώαῑιιοκ,</span> <span class='ocrx_word' id='word_1_7' title='bbox 344 245 439 296; x_wconf 86' lang='lat' dir='ltr'>nimbo</span> <span class='ocrx_word' id='word_1_8' title='bbox 455 250 550 308; x_wconf 84' lang='lat' dir='ltr'>atrox,</span> <span class='ocrx_word' id='word_1_9' title='bbox 570 243 726 314; x_wconf 69' lang='lat' dir='ltr'>nonisque,</span> <span class='ocrx_word' id='word_1_10' title='bbox 745 246 868 298; x_wconf 85' lang='lat' dir='ltr'>clamore</span> <span class='ocrx_word' id='word_1_11' title='bbox 879 251 939 300; x_wconf 86' lang='lat' dir='ltr'>tur·</span> 
     </span>
    </p>
   </div>
   <div class='ocr_carea' id='block_1_3' title="bbox 70 314 945 2044">
    <p class='ocr_par' dir='ltr' id='par_1_3' title="bbox 70 314 945 2044">
     <span class='ocr_line' id='line_1_3' title="bbox 148 314 938 382; baseline -0.003 -14"><span class='ocrx_word' id='word_1_12' title='bbox 148 317 208 380; x_wconf 88' lang='lat' dir='ltr'>ido,</span> <span class='ocrx_word' id='word_1_13' title='bbox 228 315 311 382; x_wconf 81' lang='lat' dir='ltr'>niodo</span> <span class='ocrx_word' id='word_1_14' title='bbox 323 328 374 380; x_wconf 85' lang='lat' dir='ltr'>per</span> <span class='ocrx_word' id='word_1_15' title='bbox 384 319 492 365; x_wconf 83' lang='lat' dir='ltr'>vastum</span> <span class='ocrx_word' id='word_1_16' title='bbox 502 314 658 378; x_wconf 86' lang='lat' dir='ltr'>silentium,</span> <span class='ocrx_word' id='word_1_17' title='bbox 676 316 802 367; x_wconf 88' lang='lat' dir='ltr'>incertos</span> <span class='ocrx_word' id='word_1_18' title='bbox 811 317 938 366; x_wconf 85' lang='lat' dir='ltr'>obsesso·</span> 
     </span>
     <span class='ocr_line' id='line_1_4' title="bbox 127 383 940 447; baseline -0.002 -8"><span class='ocrx_word' id='word_1_19' title='bbox 127 399 174 440; x_wconf 86' lang='lat' dir='ltr'>res</span> <span class='ocrx_word' id='word_1_20' title='bbox 185 383 329 438; x_wconf 78' lang='lat' dir='ltr'>effecerat:</span> <span class='ocrx_word' id='word_1_21' title='bbox 351 397 414 435; x_wconf 85' lang='lat' dir='ltr'>curn</span> <span class='ocrx_word' id='word_1_22' title='bbox 425 383 544 434; x_wconf 86' lang='lat' dir='ltr'>Sabinus</span> <span class='ocrx_word' id='word_1_23' title='bbox 555 385 710 447; x_wconf 84' lang='lat' dir='ltr'>circumire,</span> <span class='ocrx_word' id='word_1_24' title='bbox 726 383 843 447; x_wconf 73' lang='lat' dir='ltr'>hortari,</span> <span class='ocrx_word' id='word_1_25' title='bbox 857 402 890 437; x_wconf 83' lang='lat' dir='ltr'>ne</span> <span class='ocrx_word' id='word_1_26' title='bbox 900 386 940 437; x_wconf 82' lang='lat' dir='ltr'>cd</span> 
     </span>
     <span class='ocr_line' id='line_1_5' title="bbox 127 451 938 536; baseline -0.002 -28"><span class='ocrx_word' id='word_1_27' title='bbox 127 453 257 536; x_wconf 63' lang='lat' dir='ltr'>ambiguo</span> <span class='ocrx_word' id='word_1_28' title='bbox 272 451 388 515; x_wconf 71' lang='lat' dir='ltr'>sonum,</span> <span class='ocrx_word' id='word_1_29' title='bbox 417 460 468 504; x_wconf 79' lang='lat' dir='ltr'>sut</span> <span class='ocrx_word' id='word_1_30' title='bbox 484 451 687 506; x_wconf 72' lang='lat' dir='ltr'>simulationem</span> <span class='ocrx_word' id='word_1_31' title='bbox 704 452 817 520; x_wconf 81' lang='lat' dir='ltr'>quietis,</span> <span class='ocrx_word' id='word_1_32' title='bbox 843 469 938 506; x_wconf 82' lang='lat' dir='ltr'>casum</span> 
     </span>
     <span class='ocr_line' id='line_1_6' title="bbox 126 519 939 592; baseline -0.005 -12"><span class='ocrx_word' id='word_1_33' title='bbox 126 521 319 580; x_wconf 60' lang='lat' dir='ltr'>Manentibus</span> <span class='ocrx_word' id='word_1_34' title='bbox 335 519 489 589; x_wconf 80' lang='lat' dir='ltr'>aperirent,</span> <span class='ocrx_word' id='word_1_35' title='bbox 506 523 553 573; x_wconf 80' lang='lat' dir='ltr'>sed</span> <span class='ocrx_word' id='word_1_36' title='bbox 564 523 735 592; x_wconf 67' lang='lat' dir='ltr'>insopitisque</span> <span class='ocrx_word' id='word_1_37' title='bbox 746 521 939 577; x_wconf 79' lang='lat' dir='ltr'>muaioaeroo·</span> 
     </span>
     <span class='ocr_line' id='line_1_7' title="bbox 127 589 806 664; baseline -0.006 -16"><span class='ocrx_word' id='word_1_38' title='bbox 127 590 313 655; x_wconf 76' lang='lat' dir='ltr'>teatiosmoti,</span> <span class='ocrx_word' id='word_1_39' title='bbox 332 589 661 664; x_wconf 69' lang='lat' dir='ltr'>telisqueaoniasalsum</span> <span class='ocrx_word' id='word_1_40' title='bbox 669 591 759 644; x_wconf 83' lang='lat' dir='ltr'>iactis.</span> <span class='ocrx_word' id='word_1_41' title='bbox 802 613 806 623; x_wconf 60' lang='grc'>’</span> 
     </span>
     <span class='ocr_line' id='line_1_8' title="bbox 180 659 940 725; baseline -0.001 -11"><span class='ocrx_word' id='word_1_42' title='bbox 180 661 226 714; x_wconf 80' lang='lat' dir='ltr'>ld.</span> <span class='ocrx_word' id='word_1_43' title='bbox 244 660 357 712; x_wconf 83' lang='lat' dir='ltr'>Interea</span> <span class='ocrx_word' id='word_1_44' title='bbox 365 659 479 712; x_wconf 87' lang='lat' dir='ltr'>barbari</span> <span class='ocrx_word' id='word_1_45' title='bbox 490 663 609 712; x_wconf 83' lang='lat' dir='ltr'>catervis</span> <span class='ocrx_word' id='word_1_46' title='bbox 619 661 810 725; x_wconf 81' lang='lat' dir='ltr'>decurrentes,</span> <span class='ocrx_word' id='word_1_47' title='bbox 825 676 899 713; x_wconf 90' lang='lat' dir='ltr'>nunc</span> <span class='ocrx_word' id='word_1_48' title='bbox 909 663 940 713; x_wconf 87' lang='lat' dir='ltr'>iu</span> 
     </span>
     <span class='ocr_line' id='line_1_9' title="bbox 94 727 941 796; baseline 0 -14"><span class='ocrx_word' id='word_1_49' title='bbox 94 771 96 774; x_wconf 88' lang='lat'>.</span> <span class='ocrx_word' id='word_1_50' title='bbox 128 731 232 792; x_wconf 72' lang='lat' dir='ltr'>vallum</span> <span class='ocrx_word' id='word_1_51' title='bbox 243 729 385 782; x_wconf 79' lang='lat' dir='ltr'>manualia</span> <span class='ocrx_word' id='word_1_52' title='bbox 394 743 470 793; x_wconf 86' lang='lat' dir='ltr'>saxa,</span> <span class='ocrx_word' id='word_1_53' title='bbox 488 737 633 796; x_wconf 82' lang='lat' dir='ltr'>praeustas</span> <span class='ocrx_word' id='word_1_54' title='bbox 643 729 735 794; x_wconf 90' lang='lat' dir='ltr'>sudes,</span> <span class='ocrx_word' id='word_1_55' title='bbox 755 727 941 782; x_wconf 86' lang='lat' dir='ltr'>decisarobo·</span> 
     </span>
     <span class='ocr_line' id='line_1_10' title="bbox 128 799 941 867; baseline -0.002 -13"><span class='ocrx_word' id='word_1_56' title='bbox 128 814 161 854; x_wconf 86' lang='lat' dir='ltr'>ra</span> <span class='ocrx_word' id='word_1_57' title='bbox 172 801 283 852; x_wconf 81' lang='lat' dir='ltr'>iacere:</span> <span class='ocrx_word' id='word_1_58' title='bbox 305 807 388 850; x_wconf 60' lang='lat' dir='ltr'>tunc</span> <span class='ocrx_word' id='word_1_59' title='bbox 402 799 532 867; x_wconf 85' lang='lat' dir='ltr'>virgultis</span> <span class='ocrx_word' id='word_1_60' title='bbox 547 805 577 852; x_wconf 86' lang='lat' dir='ltr'>et</span> <span class='ocrx_word' id='word_1_61' title='bbox 591 801 713 853; x_wconf 77' lang='lat' dir='ltr'><strong>cratibus</strong></span> <span class='ocrx_word' id='word_1_62' title='bbox 730 806 760 852; x_wconf 89' lang='lat' dir='ltr'>et</span> <span class='ocrx_word' id='word_1_63' title='bbox 775 801 941 866; x_wconf 75' lang='lat' dir='ltr'>corporibus</span> 
     </span>
     <span class='ocr_line' id='line_1_11' title="bbox 129 867 941 938; baseline -0.001 -16"><span class='ocrx_word' id='word_1_64' title='bbox 129 871 264 923; x_wconf 66' lang='lat' dir='ltr'>menimis</span> <span class='ocrx_word' id='word_1_65' title='bbox 275 869 413 936; x_wconf 88' lang='lat' dir='ltr'>complere</span> <span class='ocrx_word' id='word_1_66' title='bbox 423 867 527 921; x_wconf 78' lang='lat' dir='ltr'>fossas:</span> <span class='ocrx_word' id='word_1_67' title='bbox 552 870 679 938; x_wconf 85' lang='lat' dir='ltr'>quidam,</span> <span class='ocrx_word' id='word_1_68' title='bbox 698 874 797 938; x_wconf 86' lang='lat' dir='ltr'>pontes</span> <span class='ocrx_word' id='word_1_69' title='bbox 809 875 837 921; x_wconf 90' lang='lat' dir='ltr'>et</span> <span class='ocrx_word' id='word_1_70' title='bbox 847 869 941 921; x_wconf 87' lang='lat' dir='ltr'>scalas</span> 
     </span>
     <span class='ocr_line' id='line_1_12' title="bbox 85 937 942 1010; baseline -0.002 -18"><span class='ocrx_word' id='word_1_71' title='bbox 85 1002 87 1010; x_wconf 21' lang='lat' dir='ltr'><em>s</em></span> <span class='ocrx_word' id='word_1_72' title='bbox 129 945 195 992; x_wconf 84' lang='lat' dir='ltr'>ante</span> <span class='ocrx_word' id='word_1_73' title='bbox 205 938 347 1002; x_wconf 81' lang='lat' dir='ltr'>fabricati,</span> <span class='ocrx_word' id='word_1_74' title='bbox 366 937 472 992; x_wconf 85' lang='lat' dir='ltr'>inferre</span> <span class='ocrx_word' id='word_1_75' title='bbox 483 939 708 1008; x_wconf 79' lang='lat' dir='ltr'>propugnaculis,</span> <span class='ocrx_word' id='word_1_76' title='bbox 727 953 942 1007; x_wconf 61' lang='lat' dir='ltr'>esqueprensa·&gt;</span> 
     </span>
     <span class='ocr_line' id='line_1_13' title="bbox 128 1006 941 1072; baseline -0.005 -10"><span class='ocrx_word' id='word_1_77' title='bbox 128 1023 175 1071; x_wconf 88' lang='lat' dir='ltr'>re,</span> <span class='ocrx_word' id='word_1_78' title='bbox 190 1006 366 1072; x_wconf 76' lang='lat' dir='ltr'>detrahere,</span> <span class='ocrx_word' id='word_1_79' title='bbox 390 1015 419 1060; x_wconf 91' lang='lat' dir='ltr'>et</span> <span class='ocrx_word' id='word_1_80' title='bbox 429 1007 561 1060; x_wconf 73' lang='lat' dir='ltr'>adversus</span> <span class='ocrx_word' id='word_1_81' title='bbox 571 1011 726 1063; x_wconf 85' lang='lat' dir='ltr'>resistentis</span> <span class='ocrx_word' id='word_1_82' title='bbox 737 1011 863 1061; x_wconf 87' lang='lat' dir='ltr'>cominus</span> <span class='ocrx_word' id='word_1_83' title='bbox 873 1008 941 1058; x_wconf 81' lang='lat' dir='ltr'>niti:</span> 
     </span>
     <span class='ocr_line' id='line_1_14' title="bbox 94 1078 941 1146; baseline -0.002 -16"><span class='ocrx_word' id='word_1_84' title='bbox 94 1113 97 1116; x_wconf 90' lang='lat'>-</span> <span class='ocrx_word' id='word_1_85' title='bbox 127 1078 209 1130; x_wconf 87' lang='lat' dir='ltr'>miles</span> <span class='ocrx_word' id='word_1_86' title='bbox 219 1083 316 1130; x_wconf 85' lang='lat' dir='ltr'>contra</span> <span class='ocrx_word' id='word_1_87' title='bbox 326 1078 477 1130; x_wconf 87' lang='lat' dir='ltr'>deturbare</span> <span class='ocrx_word' id='word_1_88' title='bbox 487 1078 565 1141; x_wconf 86' lang='lat' dir='ltr'>telis,</span> <span class='ocrx_word' id='word_1_89' title='bbox 576 1079 682 1146; x_wconf 86' lang='lat' dir='ltr'>poliere</span> <span class='ocrx_word' id='word_1_90' title='bbox 692 1079 867 1140; x_wconf 85' lang='lat' dir='ltr'>umbonibus,</span> <span class='ocrx_word' id='word_1_91' title='bbox 878 1093 941 1128; x_wconf 88' lang='lat' dir='ltr'>mu·</span> 
     </span>
     <span class='ocr_line' id='line_1_15' title="bbox 128 1146 942 1215; baseline -0.002 -17"><span class='ocrx_word' id='word_1_92' title='bbox 128 1147 202 1205; x_wconf 79' lang='lat' dir='ltr'>ralia</span> <span class='ocrx_word' id='word_1_93' title='bbox 212 1147 278 1214; x_wconf 87' lang='lat' dir='ltr'>pila,</span> <span class='ocrx_word' id='word_1_94' title='bbox 298 1153 445 1214; x_wconf 82' lang='lat' dir='ltr'>congestas</span> <span class='ocrx_word' id='word_1_95' title='bbox 454 1146 578 1213; x_wconf 81' lang='lat' dir='ltr'>lapidum</span> <span class='ocrx_word' id='word_1_96' title='bbox 588 1148 675 1201; x_wconf 82' lang='lat' dir='ltr'>moles</span> <span class='ocrx_word' id='word_1_97' title='bbox 685 1148 860 1215; x_wconf 84' lang='lat' dir='ltr'>provolvere.</span> <span class='ocrx_word' id='word_1_98' title='bbox 886 1147 942 1198; x_wconf 85' lang='lat' dir='ltr'>His</span> 
     </span>
     <span class='ocr_line' id='line_1_16' title="bbox 130 1215 943 1285; baseline 0 -18"><span class='ocrx_word' id='word_1_99' title='bbox 130 1222 229 1285; x_wconf 86' lang='lat' dir='ltr'>partae</span> <span class='ocrx_word' id='word_1_100' title='bbox 240 1217 375 1279; x_wconf 71' lang='lat' dir='ltr'>uictoriae</span> <span class='ocrx_word' id='word_1_101' title='bbox 386 1231 457 1282; x_wconf 86' lang='lat' dir='ltr'>spes,</span> <span class='ocrx_word' id='word_1_102' title='bbox 477 1221 514 1280; x_wconf 82' lang='lat' dir='ltr'>et,</span> <span class='ocrx_word' id='word_1_103' title='bbox 532 1219 557 1268; x_wconf 91' lang='lat' dir='ltr'>si</span> <span class='ocrx_word' id='word_1_104' title='bbox 568 1217 677 1280; x_wconf 87' lang='lat' dir='ltr'>cedant,</span> <span class='ocrx_word' id='word_1_105' title='bbox 696 1218 854 1285; x_wconf 85' lang='lat' dir='ltr'>insignitius</span> <span class='ocrx_word' id='word_1_106' title='bbox 865 1215 943 1283; x_wconf 83' lang='lat' dir='ltr'>flagi·</span> 
     </span>
     <span class='ocr_line' id='line_1_17' title="bbox 130 1285 943 1352; baseline -0.002 -15"><span class='ocrx_word' id='word_1_107' title='bbox 130 1289 215 1349; x_wconf 78' lang='lat' dir='ltr'>tium3</span> <span class='ocrx_word' id='word_1_108' title='bbox 232 1285 290 1337; x_wconf 90' lang='lat' dir='ltr'>illis</span> <span class='ocrx_word' id='word_1_109' title='bbox 305 1290 432 1338; x_wconf 83' lang='lat' dir='ltr'>extrema</span> <span class='ocrx_word' id='word_1_110' title='bbox 445 1285 502 1336; x_wconf 88' lang='lat' dir='ltr'>iam</span> <span class='ocrx_word' id='word_1_111' title='bbox 519 1286 609 1349; x_wconf 87' lang='lat' dir='ltr'>salus,</span> <span class='ocrx_word' id='word_1_112' title='bbox 629 1287 835 1344; x_wconf 86' lang='lat' dir='ltr'>etadsistentes</span> <span class='ocrx_word' id='word_1_113' title='bbox 845 1285 943 1352; x_wconf 85' lang='lat' dir='ltr'>pleris-</span> 
     </span>
     <span class='ocr_line' id='line_1_18' title="bbox 131 1355 943 1426; baseline -0.004 -18"><span class='ocrx_word' id='word_1_114' title='bbox 131 1370 185 1426; x_wconf 85' lang='lat' dir='ltr'>que</span> <span class='ocrx_word' id='word_1_115' title='bbox 202 1361 308 1408; x_wconf 86' lang='lat' dir='ltr'>matres</span> <span class='ocrx_word' id='word_1_116' title='bbox 325 1360 354 1407; x_wconf 85' lang='lat' dir='ltr'>et</span> <span class='ocrx_word' id='word_1_117' title='bbox 364 1355 509 1422; x_wconf 84' lang='lat' dir='ltr'>coniuges,</span> <span class='ocrx_word' id='word_1_118' title='bbox 536 1371 689 1425; x_wconf 85' lang='lat' dir='ltr'>earumque</span> <span class='ocrx_word' id='word_1_119' title='bbox 698 1357 823 1409; x_wconf 76' lang='lat' dir='ltr'>lamenta</span> <span class='ocrx_word' id='word_1_120' title='bbox 833 1355 943 1406; x_wconf 90' lang='lat' dir='ltr'>addunt</span> 
     </span>
     <span class='ocr_line' id='line_1_19' title="bbox 132 1424 943 1491; baseline -0.002 -14"><span class='ocrx_word' id='word_1_121' title='bbox 132 1427 249 1479; x_wconf 87' lang='lat' dir='ltr'>animos.</span> <span class='ocrx_word' id='word_1_122' title='bbox 286 1440 342 1477; x_wconf 83' lang='lat' dir='ltr'>nox</span> <span class='ocrx_word' id='word_1_123' title='bbox 352 1425 416 1476; x_wconf 84' lang='lat' dir='ltr'>aliis</span> <span class='ocrx_word' id='word_1_124' title='bbox 425 1427 453 1476; x_wconf 90' lang='lat' dir='ltr'>in</span> <span class='ocrx_word' id='word_1_125' title='bbox 465 1425 625 1491; x_wconf 86' lang='lat' dir='ltr'>audaciam,</span> <span class='ocrx_word' id='word_1_126' title='bbox 642 1427 705 1479; x_wconf 83' lang='lat' dir='ltr'>aliis</span> <span class='ocrx_word' id='word_1_127' title='bbox 716 1425 754 1477; x_wconf 87' lang='lat' dir='ltr'>ad</span> <span class='ocrx_word' id='word_1_128' title='bbox 764 1424 943 1478; x_wconf 85' lang='lat' dir='ltr'>formidinem</span> 
     </span>
     <span class='ocr_line' id='line_1_20' title="bbox 70 1496 943 1565; baseline -0.006 -16"><span class='ocrx_word' id='word_1_129' title='bbox 70 1513 75 1520; x_wconf 66' lang='lat'><strong><em>‘</em></strong></span> <span class='ocrx_word' id='word_1_130' title='bbox 132 1501 301 1565; x_wconf 70' lang='lat' dir='ltr'>opportunae</span> <span class='ocrx_word' id='word_1_131' title='bbox 321 1496 420 1549; x_wconf 87' lang='lat' dir='ltr'>incerti</span> <span class='ocrx_word' id='word_1_132' title='bbox 430 1497 513 1560; x_wconf 87' lang='lat' dir='ltr'>ictus,</span> <span class='ocrx_word' id='word_1_133' title='bbox 529 1497 646 1550; x_wconf 79' lang='lat' dir='ltr'>vulnera</span> <span class='ocrx_word' id='word_1_134' title='bbox 655 1497 807 1565; x_wconf 80' lang='lat' dir='ltr'>inprovisa:</span> <span class='ocrx_word' id='word_1_135' title='bbox 825 1508 943 1546; x_wconf 85' lang='lat' dir='ltr'>suorum</span> 
     </span>
     <span class='ocr_line' id='line_1_21' title="bbox 131 1564 945 1635; baseline -0.002 -18"><span class='ocrx_word' id='word_1_136' title='bbox 131 1572 216 1635; x_wconf 86' lang='lat' dir='ltr'>atque</span> <span class='ocrx_word' id='word_1_137' title='bbox 232 1564 354 1619; x_wconf 84' lang='lat' dir='ltr'>hostium</span> <span class='ocrx_word' id='word_1_138' title='bbox 370 1566 525 1634; x_wconf 82' lang='lat' dir='ltr'>ignoratio:</span> <span class='ocrx_word' id='word_1_139' title='bbox 544 1572 574 1619; x_wconf 87' lang='lat' dir='ltr'>et</span> <span class='ocrx_word' id='word_1_140' title='bbox 587 1570 691 1619; x_wconf 88' lang='lat' dir='ltr'>montis</span> <span class='ocrx_word' id='word_1_141' title='bbox 705 1564 836 1617; x_wconf 76' lang='lat' dir='ltr'>anfractu</span> <span class='ocrx_word' id='word_1_142' title='bbox 850 1579 945 1632; x_wconf 84' lang='lat' dir='ltr'>reper-</span> 
     </span>
     <span class='ocr_line' id='line_1_22' title="bbox 131 1634 945 1701; baseline -0.01 -10"><span class='ocrx_word' id='word_1_143' title='bbox 131 1652 239 1700; x_wconf 80' lang='lat' dir='ltr'>cussae,</span> <span class='ocrx_word' id='word_1_144' title='bbox 248 1636 327 1687; x_wconf 88' lang='lat' dir='ltr'>velut</span> <span class='ocrx_word' id='word_1_145' title='bbox 336 1648 354 1687; x_wconf 84' lang='lat' dir='ltr'>o</span> <span class='ocrx_word' id='word_1_146' title='bbox 364 1641 453 1701; x_wconf 82' lang='lat' dir='ltr'>tergo,</span> <span class='ocrx_word' id='word_1_147' title='bbox 469 1650 560 1695; x_wconf 85' lang='lat' dir='ltr'>voces,</span> <span class='ocrx_word' id='word_1_148' title='bbox 570 1634 642 1686; x_wconf 90' lang='lat' dir='ltr'>adeo</span> <span class='ocrx_word' id='word_1_149' title='bbox 653 1639 754 1687; x_wconf 88' lang='lat' dir='ltr'>cuncta</span> <span class='ocrx_word' id='word_1_150' title='bbox 764 1636 945 1697; x_wconf 84' lang='lat' dir='ltr'>miscuerant,</span> 
     </span>
     <span class='ocr_line' id='line_1_23' title="bbox 84 1702 941 1774; baseline -0.007 -19"><span class='ocrx_word' id='word_1_151' title='bbox 84 1734 85 1742; x_wconf 29' lang='grc' dir='ltr'><strong>κ</strong></span> <span class='ocrx_word' id='word_1_152' title='bbox 131 1710 164 1755; x_wconf 87' lang='lat' dir='ltr'>nt</span> <span class='ocrx_word' id='word_1_153' title='bbox 184 1704 322 1772; x_wconf 83' lang='lat' dir='ltr'>quaedam</span> <span class='ocrx_word' id='word_1_154' title='bbox 341 1705 514 1774; x_wconf 75' lang='lat' dir='ltr'>munimenta</span> <span class='ocrx_word' id='word_1_155' title='bbox 532 1702 666 1765; x_wconf 81' lang='lat' dir='ltr'>Romani,</span> <span class='ocrx_word' id='word_1_156' title='bbox 710 1702 772 1751; x_wconf 87' lang='lat' dir='ltr'>uasi</span> <span class='ocrx_word' id='word_1_157' title='bbox 794 1702 941 1766; x_wconf 77' lang='lat' dir='ltr'>perrupta,</span> 
     </span>
     <span class='ocr_line' id='line_1_24' title="bbox 132 1768 944 1838; baseline -0.004 -14"><span class='ocrx_word' id='word_1_158' title='bbox 132 1774 291 1825; x_wconf 66' lang='lat' dir='ltr'>omiserint</span> <span class='ocrx_word' id='word_1_159' title='bbox 322 1785 413 1838; x_wconf 87' lang='lat' dir='ltr'>neque</span> <span class='ocrx_word' id='word_1_160' title='bbox 427 1776 520 1822; x_wconf 88' lang='lat' dir='ltr'>tamen</span> <span class='ocrx_word' id='word_1_161' title='bbox 538 1784 687 1836; x_wconf 83' lang='lat' dir='ltr'>pervasere</span> <span class='ocrx_word' id='word_1_162' title='bbox 722 1773 810 1830; x_wconf 88' lang='lat' dir='ltr'>ostes,</span> <span class='ocrx_word' id='word_1_163' title='bbox 831 1768 883 1817; x_wconf 90' lang='lat' dir='ltr'>nisi</span> <span class='ocrx_word' id='word_1_164' title='bbox 894 1769 944 1821; x_wconf 83' lang='lat' dir='ltr'>ad·</span> 
     </span>
     <span class='ocr_line' id='line_1_25' title="bbox 130 1838 943 1909; baseline -0.005 -15"><span class='ocrx_word' id='word_1_165' title='bbox 130 1841 244 1895; x_wconf 87' lang='lat' dir='ltr'>modum</span> <span class='ocrx_word' id='word_1_166' title='bbox 256 1842 351 1909; x_wconf 80' lang='lat' dir='ltr'>pauci:</span> <span class='ocrx_word' id='word_1_167' title='bbox 370 1844 499 1903; x_wconf 75' lang='lat' dir='ltr'>ceteros,¹</span> <span class='ocrx_word' id='word_1_168' title='bbox 510 1838 604 1891; x_wconf 80' lang='lat' dir='ltr'>deleto</span> <span class='ocrx_word' id='word_1_169' title='bbox 614 1839 820 1905; x_wconf 85' lang='lat' dir='ltr'>promptissimo</span> <span class='ocrx_word' id='word_1_170' title='bbox 830 1852 943 1906; x_wconf 85' lang='lat' dir='ltr'>quoquo</span> 
     </span>
     <span class='ocr_line' id='line_1_26' title="bbox 131 1906 943 1975; baseline -0.005 -12"><span class='ocrx_word' id='word_1_171' title='bbox 131 1911 302 1975; x_wconf 85' lang='lat' dir='ltr'>autsaucio,</span> <span class='ocrx_word' id='word_1_172' title='bbox 329 1907 478 1975; x_wconf 80' lang='lat' dir='ltr'>adpetente</span> <span class='ocrx_word' id='word_1_173' title='bbox 494 1908 551 1960; x_wconf 85' lang='lat' dir='ltr'>iam</span> <span class='ocrx_word' id='word_1_174' title='bbox 564 1906 641 1970; x_wconf 92' lang='lat' dir='ltr'>luce,</span> <span class='ocrx_word' id='word_1_175' title='bbox 668 1913 778 1959; x_wconf 87' lang='lat' dir='ltr'>trusere</span> <span class='ocrx_word' id='word_1_176' title='bbox 792 1908 821 1958; x_wconf 92' lang='lat' dir='ltr'>in</span> <span class='ocrx_word' id='word_1_177' title='bbox 831 1922 943 1959; x_wconf 85' lang='lat' dir='ltr'>summa</span> 
     </span>
     <span class='ocr_line' id='line_1_27' title="bbox 131 1976 943 2044; baseline -0.006 -11"><span class='ocrx_word' id='word_1_178' title='bbox 131 1979 249 2033; x_wconf 84' lang='lat' dir='ltr'>castelli.</span> <span class='ocrx_word' id='word_1_179' title='bbox 295 1979 344 2030; x_wconf 88' lang='lat' dir='ltr'>ubi</span> <span class='ocrx_word' id='word_1_180' title='bbox 362 1976 476 2029; x_wconf 86' lang='lat' dir='ltr'>tandem</span> <span class='ocrx_word' id='word_1_181' title='bbox 499 1982 598 2029; x_wconf 84' lang='lat' dir='ltr'>coactu</span> <span class='ocrx_word' id='word_1_182' title='bbox 617 1976 739 2040; x_wconf 89' lang='lat' dir='ltr'>deditio,</span> <span class='ocrx_word' id='word_1_183' title='bbox 767 1981 797 2029; x_wconf 87' lang='lat' dir='ltr'>et</span> <span class='ocrx_word' id='word_1_184' title='bbox 814 1978 943 2044; x_wconf 83' lang='lat' dir='ltr'>proxima</span> 
     </span>
    </p>
   </div>
   <div class='ocr_carea' id='block_1_4' title="bbox 36 2046 941 2118">
    <p class='ocr_par' dir='ltr' id='par_1_4' title="bbox 36 2046 941 2118">
     <span class='ocr_line' id='line_1_28' title="bbox 36 2046 941 2118; baseline -0.01 -15"><span class='ocrx_word' id='word_1_185' title='bbox 36 2052 44 2065; x_wconf 76' lang='grc'>”·</span> <span class='ocrx_word' id='word_1_186' title='bbox 131 2055 231 2118; x_wconf 83' lang='lat' dir='ltr'>sponte</span> <span class='ocrx_word' id='word_1_187' title='bbox 250 2046 407 2103; x_wconf 86' lang='lat' dir='ltr'>incolarum</span> <span class='ocrx_word' id='word_1_188' title='bbox 425 2051 548 2113; x_wconf 85' lang='lat' dir='ltr'>recepta.</span> <span class='ocrx_word' id='word_1_189' title='bbox 582 2046 713 2116; x_wconf 86' lang='lat' dir='ltr'>reliquis,</span> <span class='ocrx_word' id='word_1_190' title='bbox 736 2047 899 2114; x_wconf 76' lang='lat' dir='ltr'>quo-minus</span> <span class='ocrx_word' id='word_1_191' title='bbox 914 2046 941 2095; x_wconf 77' lang='lat' dir='ltr'>vi</span> 
     </span>
    </p>
   </div>
   <div class='ocr_carea' id='block_1_5' title="bbox 127 2115 970 2677">
    <p class='ocr_par' dir='ltr' id='par_1_5' title="bbox 127 2115 970 2677">
     <span class='ocr_line' id='line_1_29' title="bbox 131 2115 942 2186; baseline -0.01 -14"><span class='ocrx_word' id='word_1_192' title='bbox 131 2125 181 2172; x_wconf 85' lang='lat' dir='ltr'>aut</span> <span class='ocrx_word' id='word_1_193' title='bbox 192 2118 301 2172; x_wconf 85' lang='lat' dir='ltr'>obsidio</span> <span class='ocrx_word' id='word_1_194' title='bbox 310 2118 519 2185; x_wconf 74' lang='lat' dir='ltr'>subigerentur,</span> <span class='ocrx_word' id='word_1_195' title='bbox 537 2122 718 2186; x_wconf 85' lang='lat' dir='ltr'>praematura</span> <span class='ocrx_word' id='word_1_196' title='bbox 726 2117 828 2168; x_wconf 86' lang='lat' dir='ltr'>montis</span> <span class='ocrx_word' id='word_1_197' title='bbox 838 2115 942 2167; x_wconf 86' lang='lat' dir='ltr'>Haemi</span> 
     </span>
     <span class='ocr_line' id='line_1_30' title="bbox 131 2184 970 2247; baseline -0.023 -4"><span class='ocrx_word' id='word_1_198' title='bbox 131 2184 498 2247; x_wconf 57' lang='lat' dir='ltr'>&amp;mevahiemssnbvenit</span> <span class='ocrx_word' id='word_1_199' title='bbox 963 2187 970 2195; x_wconf 53' lang='lat'>⁸</span> 
     </span>
     <span class='ocr_line' id='line_1_31' title="bbox 183 2254 941 2323; baseline -0.012 -11"><span class='ocrx_word' id='word_1_200' title='bbox 183 2259 244 2312; x_wconf 76' lang='lat' dir='ltr'>Lu.</span> <span class='ocrx_word' id='word_1_201' title='bbox 262 2258 427 2319; x_wconf 67' lang='lat' dir='ltr'>itidemne,</span> <span class='ocrx_word' id='word_1_202' title='bbox 445 2260 584 2309; x_wconf 83' lang='lat' dir='ltr'>commota</span> <span class='ocrx_word' id='word_1_203' title='bbox 592 2254 728 2323; x_wconf 85' lang='lat' dir='ltr'>Principis</span> <span class='ocrx_word' id='word_1_204' title='bbox 742 2254 840 2319; x_wconf 88' lang='lat' dir='ltr'>domo,</span> <span class='ocrx_word' id='word_1_205' title='bbox 858 2257 941 2303; x_wconf 83' lang='lat' dir='ltr'>utse·</span> 
     </span>
     <span class='ocr_line' id='line_1_32' title="bbox 131 2321 943 2395; baseline -0.01 -14"><span class='ocrx_word' id='word_1_206' title='bbox 131 2329 188 2381; x_wconf 85' lang='lat' dir='ltr'>ries</span> <span class='ocrx_word' id='word_1_207' title='bbox 207 2328 295 2379; x_wconf 87' lang='lat' dir='ltr'>futuri</span> <span class='ocrx_word' id='word_1_208' title='bbox 314 2327 342 2378; x_wconf 88' lang='lat' dir='ltr'>in</span> <span class='ocrx_word' id='word_1_209' title='bbox 356 2327 535 2395; x_wconf 81' lang='lat' dir='ltr'>Agrippinam</span> <span class='ocrx_word' id='word_1_210' title='bbox 554 2326 794 2392; x_wconf 78' lang='lat' dir='ltr'>exitiiinciperet,</span> <span class='ocrx_word' id='word_1_211' title='bbox 825 2321 943 2373; x_wconf 78' lang='lat' dir='ltr'>Claudia</span> 
     </span>
     <span class='ocr_line' id='line_1_33' title="bbox 130 2389 942 2464; baseline -0.011 -15"><span class='ocrx_word' id='word_1_212' title='bbox 130 2394 260 2461; x_wconf 80' lang='lat' dir='ltr'>Pulchra,</span> <span class='ocrx_word' id='word_1_213' title='bbox 278 2396 391 2448; x_wconf 81' lang='lat' dir='ltr'>sobrina</span> <span class='ocrx_word' id='word_1_214' title='bbox 402 2400 475 2459; x_wconf 89' lang='lat' dir='ltr'>eius,</span> <span class='ocrx_word' id='word_1_215' title='bbox 493 2396 667 2464; x_wconf 86' lang='lat' dir='ltr'>postulatur,</span> <span class='ocrx_word' id='word_1_216' title='bbox 685 2398 834 2448; x_wconf 74' lang='lat' dir='ltr'>accusante</span> <span class='ocrx_word' id='word_1_217' title='bbox 845 2389 942 2442; x_wconf 86' lang='lat' dir='ltr'>Domi-</span> 
     </span>
     <span class='ocr_line' id='line_1_34' title="bbox 129 2460 941 2531; baseline -0.014 -12"><span class='ocrx_word' id='word_1_218' title='bbox 129 2466 256 2519; x_wconf 74' lang='lat' dir='ltr'>nostro.</span> <span class='ocrx_word' id='word_1_219' title='bbox 292 2466 319 2517; x_wconf 83' lang='lat' dir='ltr'>is</span> <span class='ocrx_word' id='word_1_220' title='bbox 333 2481 431 2527; x_wconf 84' lang='lat' dir='ltr'>recens</span> <span class='ocrx_word' id='word_1_221' title='bbox 446 2464 598 2529; x_wconf 84' lang='lat' dir='ltr'>Praetura,</span> <span class='ocrx_word' id='word_1_222' title='bbox 621 2464 747 2516; x_wconf 87' lang='lat' dir='ltr'>modicus</span> <span class='ocrx_word' id='word_1_223' title='bbox 762 2460 941 2531; x_wconf 85' lang='lat' dir='ltr'>dignationis,</span> 
     </span>
     <span class='ocr_line' id='line_1_35' title="bbox 129 2527 941 2611; baseline -0.014 -22"><span class='ocrx_word' id='word_1_224' title='bbox 129 2542 159 2589; x_wconf 85' lang='lat' dir='ltr'>et</span> <span class='ocrx_word' id='word_1_225' title='bbox 168 2550 280 2605; x_wconf 88' lang='lat' dir='ltr'>quoquo</span> <span class='ocrx_word' id='word_1_226' title='bbox 291 2534 418 2589; x_wconf 83' lang='lat' dir='ltr'>facinore</span> <span class='ocrx_word' id='word_1_227' title='bbox 432 2534 570 2604; x_wconf 84' lang='lat' dir='ltr'>properus</span> <span class='ocrx_word' id='word_1_228' title='bbox 584 2534 753 2598; x_wconf 84' lang='lat' dir='ltr'>clarescere,</span> <span class='ocrx_word' id='word_1_229' title='bbox 780 2531 883 2611; x_wconf 66' lang='lat' dir='ltr'>crimen</span> <span class='ocrx_word' id='word_1_230' title='bbox 890 2527 941 2610; x_wconf 63' lang='lat' dir='ltr'>inp·</span> 
     </span>
     <span class='ocr_line' id='line_1_36' title="bbox 127 2599 938 2677; baseline -0.006 -19"><span class='ocrx_word' id='word_1_231' title='bbox 127 2605 294 2675; x_wconf 82' lang='lat' dir='ltr'>pudicitiae,</span> <span class='ocrx_word' id='word_1_232' title='bbox 313 2606 468 2661; x_wconf 75' lang='lat' dir='ltr'>adulterum</span> <span class='ocrx_word' id='word_1_233' title='bbox 479 2603 630 2675; x_wconf 68' lang='lat' dir='ltr'>renum,</span> <span class='ocrx_word' id='word_1_234' title='bbox 648 2602 776 2677; x_wconf 68' lang='lat' dir='ltr'>veneficis</span> <span class='ocrx_word' id='word_1_235' title='bbox 791 2599 938 2655; x_wconf 68' lang='lat' dir='ltr'>iuram</span> 
     </span>
    </p>
   </div>
   <div class='ocr_carea' id='block_1_6' title="bbox 0 0 1024 3025">
    <p class='ocr_par' dir='ltr' id='par_1_6' title="bbox 0 0 1024 3025">
     <span class='ocr_line' id='line_1_37' title="bbox 0 0 1024 3025; baseline 0 0"><span class='ocrx_word' id='word_1_236' title='bbox 0 0 1024 3025; x_wconf 95' lang='lat' dir='ltr'> </span> 
     </span>
    </p>
   </div>
  </div>
 </body>
</html>
