2034 3025
144 115 197 174 206
206 113 342 170 ANNAL.
355 78 501 182 [A.V'.dro.
511 111 581 165 A.c.
589 110 632 176 57.
640 102 775 170 Arsin
786 108 916 184 aum]
1013 93 1014 169 l

130 231 174 278 tte
186 224 358 276 ducebantur
368 235 402 272 aa
412 218 713 282 numeroPraetorum,
724 222 771 288 qui
781 230 954 286 praeessent
1014 248 1015 275 r

145 309 238 362 neque
251 293 279 344 id
293 290 342 342 diu
356 291 468 350 mansit,
487 288 553 354 quia
565 302 628 337 sors
639 288 790 341 deerrabat
805 291 841 341 ad
852 305 954 357 parum

141 365 271 418 idoneos.
282 363 362 412 Tune
372 358 504 410 Claudius
516 358 686 419 Quaestores
697 372 806 410 rursum
818 361 954 427 inposuit,

56 468 58 472 ν
144 430 243 503 iisque,
259 447 293 482 ne
304 435 380 481 metu
391 425 576 480 offensionum
586 427 698 493 segnius
709 428 895 493 consulerent,
906 445 956 482 ex·

144 512 192 559 tra
202 503 327 554 ordinem
338 496 601 562 bonoresparnrisit.
639 494 695 547 Sed
704 497 897 550 decratrobur
906 514 951 552 ae-
1003 538 1006 544 -

142 575 214 629 tatis
224 583 287 624 eum
298 569 415 634 primum
426 567 619 632 magistratum
629 567 845 631 capessentibus.
864 570 963 636 igitut'

146 644 223 698 Nero
240 641 376 692 Praetura
393 633 557 703 perfunctos
576 640 606 687 et
625 637 800 702 experientia
818 639 954 704 probatos

142 713 209 766 dele
230 713 258 761 it.
485 707 488 713 ’
539 734 542 739 ·

198 727 286 832 {XX
316 778 471 830 Damnatus
495 773 595 828 iisdem
614 775 782 828 Consulibus
802 776 954 844 Vipsanius

145 852 264 912 Laenas,
275 847 306 899 od
319 847 473 899 Sardiniam
479 845 649 912 mortanam
658 862 742 898 orare
751 845 882 901 inditam.
898 845 955 903 'rib-

79 931 81 942 '
145 919 374 974 solutuscestius
385 904 520 969 Procului
534 915 767 983 repetundarum,
786 916 953 971 cedentibus

146 989 364 1044 accusatoribus.
401 985 516 1038 Clodius
527 983 692 1049 Quirinalis,
705 986 776 1052 quud
784 985 953 1058 Praefectus

144 1057 288 1126 remigum,
311 1055 358 1123 qui
377 1055 524 1108 Ravennae
543 1053 717 1119 induentur,
736 1056 810 1108 reiut
829 1055 955 1126 infimam

143 1127 303 1190 nonomen,
319 1125 434 1178 Italiam
446 1123 559 1193 inermia
569 1123 737 1192 saemhuque
747 1122 953 1196 adflictarisset,

144 1211 256 1251 tenena
265 1196 471 1248 damnationem
483 1194 645 1246 antevertit.
666 1195 952 1263 (inminiusllebius,

77 1332 79 1338 Ι
123 1325 129 1337 ,
145 1283 182 1322 en
191 1267 358 1336 primoribus
374 1265 474 1330 peritia
488 1264 581 1332 legum
592 1268 621 1315 et
634 1267 769 1331 pecuniae
784 1266 951 1337 magnitudif

144 1353 190 1400 ne,
209 1336 607 1403 euroiatusaegraesenectae‚
626 1336 712 1387 misso
728 1333 779 1402 per
792 1351 878 1387 venas
888 1351 952 1388 san·

144 1409 239 1476 guise,
247 1404 357 1473 effugit:
369 1402 444 1455 baud
449 1403 571 1456 creditus
582 1402 709 1457 sufficere
719 1405 757 1456 ad
765 1399 952 1458 constantiani

144 1476 296 1530 sumendae
312 1476 426 1539 inertis,
442 1475 477 1527 ob
491 1473 622 1527 libidines
637 1474 814 1529 muliebriter
828 1475 951 1528 infamis.

143 1548 181 1600 At
195 1548 228 1598 L.
237 1546 372 1599 ¹llolusius
393 1546 505 1613 egregia
524 1544 601 1597 lama
610 1547 760 1598 concessit:
779 1548 824 1597 otri
842 1552 901 1599 tres
919 1550 953 1599 ei

144 1616 373 1684 nonagintaanni
384 1616 502 1681 spatium
514 1615 632 1678 vivendi,
650 1617 872 1684 praecipuaeque
883 1633 899 1668 ο
919 1628 952 1667 es

142 1687 224 1740 bonis
234 1686 348 1747 artibus,
358 1682 496 1735 inoffensa
505 1689 551 1734 tot
559 1686 758 1749 imperatorum
770 1686 879 1735 malitia
919 1688 953 1737 it

197 1755 298 1807 xxxi.
317 1752 429 1805 Nerone
440 1750 607 1813 secundum,
622 1751 654 1802 L.
666 1751 952 1817 Pisoneconsulibus,

142 1836 235 1895 pauca
248 1824 386 1875 memoria
400 1821 484 1888 digna
499 1834 630 1871 evenere:
648 1821 702 1869 nisi
712 1820 756 1869 cui
771 1819 870 1883 libeat,
889 1820 952 1875 lau.

144 1894 244 1948 dandis
255 1892 445 1945 fundamentis
457 1894 487 1942 et
496 1888 634 1950 trabibus,
653 1889 715 1955 quis
728 1888 830 1940 molem
845 1889 952 1957 amphi-

142 1962 248 2015 theatri
259 1961 332 2027 epud
343 1962 474 2025 Campum
485 1958 584 2008 Martis
593 1958 701 2009 Caesar·
706 1962 893 2024 exstruxerat,
905 1976 951 2014 ro·

142 2033 251 2086 lumina
264 2030 384 2096 inplere:
403 2042 466 2079 eum
477 2040 513 2077 ex
523 2025 660 2093 dignitate
668 2028 767 2095 Populi
779 2030 897 2082 Romani
908 2046 952 2084 ro·

143 2105 254 2169 pentum
269 2101 319 2161 sit,
338 2112 383 2148 res
394 2096 528 2153 inlnsnes
538 2096 693 2161 annalibus,
709 2100 778 2151 talia
789 2097 895 2153 diurnis
905 2116 951 2153 ur·

142 2173 186 2223 bis
195 2170 266 2221 actis
277 2166 419 2220 mandare.
455 2167 585 2218 Ceterum
596 2168 736 2233 coloniae,
757 2171 852 2238 capua
867 2177 951 2240 atqua

65 2238 70 2257 ²
143 2239 275 2303 Nuceria,
295 2236 398 2290 additis
410 2228 553 2289 veterinis
567 2239 695 2292 firmatae
703 2244 782 2291 sunt:
800 2242 951 2312 plebeique

143 2311 314 2377 congiarium
325 2306 508 2377 quadringeni
518 2310 595 2359 numi
603 2310 707 2360 viritim
718 2309 789 2375 dati,
810 2317 840 2364 ot
848 2318 951 2365 sester-

142 2382 213 2433 tium
224 2378 450 2447 quadringenties
461 2379 571 2430 aerario
581 2378 700 2431 inlatum
712 2387 767 2444 est,
782 2382 821 2433 ad
830 2383 953 2436 reduen-

142 2450 207 2503 dam
220 2450 316 2518 populi
327 2449 419 2501 fidem.
454 2448 585 2516 Vectigal
595 2464 705 2521 quoque
716 2452 830 2518 quintae
841 2456 870 2503 et
878 2453 951 2504 rico-

142 2522 230 2587 simae
244 2520 381 2573 renalium
395 2519 598 2586 mancipiorum
615 2521 772 2583 remissum,
791 2523 882 2588 specie
897 2536 954 2586 ma-

143 2592 196 2660 gis,
213 2606 296 2659 quam
305 2592 346 2653 vi,
368 2591 445 2659 quia,
456 2604 518 2642 cum
530 2588 791 2657 venditurpendere
801 2592 953 2655 iuberetur,

142 2664 173 2717 ia
195 2667 304 2731 partem
328 2662 409 2733 pretii
428 2661 602 2731 emptoribus
625 2660 811 2714 moracebat.
858 2661 955 2714 Edinit
