2034 3025
78 127 338 184 muxrrscnr.
350 126 473 182 as-sr.
492 126 580 197 [nv.
590 131 650 183 812.
660 127 801 204 som]
816 131 872 186 ros

61 233 155 280 torum
171 229 251 274 artus
266 223 295 272 vi
310 223 438 290 frigoris,
458 228 488 274 et
507 222 621 290 quidam
640 223 718 274 inter
737 227 871 278 excubias

63 293 219 348 exanimati
240 297 315 342 sunt.
351 293 568 358 Annotatusqne
587 291 680 354 miles,
699 291 747 359 qni
763 289 871 348 luem

60 365 204 434 lignorum
214 363 357 430 gestabat,
373 363 416 412 ita
426 362 617 428 praeriguisse
627 364 871 424 manus,ntorerl

62 434 264 496 adhaerentes,
275 431 382 484 truncis
393 428 516 482 brachiis
526 429 700 481 deciderent.
716 432 781 495 lpse
792 432 870 485 cultu

61 503 126 566 leri,
138 503 231 568 capite
237 503 354 563 intecto,
365 501 393 550 in
400 501 523 567 agmine,
532 501 564 550 in
569 499 724 562 laboribus,
734 497 870 566 frequens

62 573 177 624 adesse:
196 571 308 624 laudem
319 571 461 632 strenuis,
475 570 610 622 solatium
620 569 762 632 invalidis,
777 582 872 620 exem·

61 643 138 710 plum
158 640 288 694 omnibus
308 638 468 692 ostendere.
505 635 631 702 Dehine,
649 641 717 707 quia
735 639 871 692 duritiam

62 711 134 764 caeli
154 711 328 776 militiaeque
350 707 432 760 multi
451 709 615 761 abnuebant
633 707 872 776 deserebantqne,

60 779 219 832 remedium
230 779 381 833 severitate
396 779 556 843 quaesitum
567 783 620 830 est.
656 777 820 843 Neronias,
837 781 872 831 ut

60 849 91 900 in
106 849 172 900 aliis
188 848 373 910 exercitibus,
401 849 521 913 primum
539 847 660 900 alterurn
680 864 716 901 ue
735 848 870 901 delictum

60 919 147 970 venia
161 918 396 984 prosequebatur,
411 917 472 980 sed,
488 918 536 984 qui
546 917 670 983 riguere
684 918 803 986 quent,
813 923 871 970 sta·

61 989 116 1038 tim
127 988 218 1052 capite
230 1002 335 1052 poenas
347 986 452 1038 luebat.
487 986 575 1052 ldque
584 1001 638 1038 usn
647 987 771 1051 salubre,
782 988 870 1040 etmi-

61 1056 220 1108 sericordia
230 1056 330 1106 melius
341 1055 478 1121 adparuit.
497 1056 600 1121 quippe
609 1055 758 1122 pauciores
767 1059 816 1110 illa
825 1071 870 1110 ca·

60 1130 126 1178 stra
136 1125 299 1188 deseruere,
310 1139 393 1191 quam
404 1139 447 1186 ea,
462 1126 492 1174 in
502 1125 604 1191 quibus
614 1127 824 1192 ignoscebatur.

115 1194 246 1246 XXXVl.
264 1195 382 1246 Interim
399 1193 531 1256 Corbulo,
550 1193 711 1261 legionibus
730 1197 808 1248 iutra
826 1209 871 1248 ca·

62 1269 126 1316 stra
134 1261 249 1326 habitis,
260 1263 598 1327 doncereradoleseeret,
608 1258 809 1334 dispositisque
818 1279 871 1332 per

62 1333 185 1384 idoneos
206 1334 283 1386 locos
303 1329 468 1386 cohortibus
488 1333 662 1398 auxiliariis,
688 1351 726 1386 ne
747 1349 871 1402 pugnam

62 1403 174 1470 priores
196 1404 323 1465 adirent,
351 1403 497 1468 praedicit.
544 1402 646 1454 Curam
665 1403 872 1468 praesidiorum

62 1472 162 1527 Pactio
169 1470 300 1541 Orphito,
307 1472 445 1538 Primipili
455 1468 564 1522 honore
574 1470 736 1537 perfuncto,
747 1471 872 1523 mandat.

61 1542 100 1607 ls,
111 1546 280 1611 quamquam
289 1544 419 1593 incautos
433 1541 586 1603 barbaros,
605 1547 635 1591 et
645 1542 718 1591 bene
729 1540 872 1609 gerendae
972 1536 977 1542 ’

61 1616 106 1665 rei
117 1628 214 1665 casum
225 1612 322 1665 offerri
330 1612 497 1675 scripserat,
513 1617 641 1661 reserere
651 1608 834 1673 mariacensis,
844 1616 873 1662 et

61 1682 179 1735 maiores
190 1681 280 1749 copias
291 1678 422 1748 opperiri,
432 1679 554 1730 iubetur.
582 1677 640 1730 Sed
648 1685 733 1745 rupto
742 1680 872 1747 imperio,

61 1760 214 1820 postquam
231 1766 336 1821 paucae
348 1766 364 1801 e
374 1748 510 1816 proximis
525 1749 650 1801 castellis
665 1754 777 1801 numae
790 1750 873 1803 adve-

61 1828 178 1884 nerant,
190 1819 518 1888 pugnamqueimperitia
527 1820 691 1884 poscebant,
700 1834 873 1889 congressus
934 1872 939 1878 ,

61 1907 127 1944 curn
142 1890 226 1942 hoste
240 1888 377 1941 iundltur.
413 1889 450 1939 Et
466 1888 568 1939 damno
582 1890 644 1941 eius
658 1890 805 1953 exterriti,
824 1890 874 1958 qui

61 1960 223 2013 subsidium
243 1957 319 2011 ferre
340 1958 507 2020 debuerant,
528 1972 579 2008 sua
599 1959 718 2025 quisque
731 1960 763 2010 in
778 1965 874 2013 castra

61 2029 180 2097 trepida
193 2028 263 2097 iuga
274 2028 396 2081 rediere.
432 2026 515 2088 Quod
527 2029 654 2094 graviter
664 2030 787 2083 Corbulo
797 2044 874 2083 aeos·

61 2101 121 2167 pit:
141 2101 366 2165 increpitumque
378 2094 516 2157 Pactium,
537 2102 567 2147 et
577 2096 743 2151 Praefectos
755 2100 874 2153 milites·

62 2182 119 2237 que
131 2168 242 2220 tendere
254 2181 342 2218 ornnes
353 2172 433 2217 entra
444 2166 545 2215 oollam
555 2166 646 2218 iussit.
669 2168 756 2235 inque
766 2184 801 2221 ea
810 2184 875 2221 con·

61 2239 186 2290 tumelia
196 2237 317 2297 detenti,
336 2248 397 2295 nec,
416 2233 471 2283 nisi
485 2236 616 2299 precibus
630 2237 757 2288 universi
767 2239 876 2291 exerci-

62 2310 122 2370 tus,
142 2308 267 2357 exsoluti
277 2308 352 2357 sunt.
924 2311 928 2316 ’

118 2375 263 2427 XXXVll.
287 2376 323 2424 nt
338 2372 491 2434 Tiridates,
509 2387 596 2439 super
610 2376 741 2442 proprias
755 2376 873 2429 cliente·

63 2444 119 2508 las,
140 2460 195 2509 ope
208 2434 347 2510 Vologesi
362 2440 460 2493 fratris
476 2441 604 2506 adiutus,
624 2460 681 2497 uon
695 2444 793 2497 furtim
807 2448 875 2510 iam,

65 2514 119 2567 sed
130 2514 221 2580 palam
233 2514 308 2564 bello
319 2512 463 2563 infensare
473 2514 644 2575 Armeniam,
664 2528 790 2581 quosque
800 2514 888 2567 fidos·
906 2551 911 2555 -

64 2585 150 2637 nobis
162 2584 289 2644 rebatur,
300 2582 474 2649 depopulari,
491 2586 531 2644 et,
542 2583 567 2632 si
577 2584 674 2648 copiae
684 2589 785 2633 contra
794 2582 877 2635 duce·

65 2657 180 2721 rentur,
197 2651 323 2715 eludere,
340 2648 395 2705 huc
403 2666 515 2721 quoque
525 2656 557 2703 et
565 2651 633 2703 illoc
642 2651 775 2717 volitans,
792 2649 878 2721 plura
