2034 3025
146 147 225 200 ΗΒ.
235 145 269 196 ll.
281 142 366 196 cli).
376 138 496 194 54-50.
515 138 663 206 [avana.
672 136 801 208 A.C.7o.]
840 139 872 191 87

76 261 178 304 tunam.
216 252 319 301 Caussa
333 247 455 316 tingendi
466 248 527 311 luit,
546 253 578 298 ut
587 247 741 314 diplomata
749 249 876 312 Othonis,
966 233 972 248 ,

76 335 147 387 quae
169 318 389 385 negligebantur,
409 316 526 368 laetiore
538 319 643 366 nuntio
663 317 877 370 revalescerent.
907 355 914 362 -

76 388 230 444 Eteoenus
250 387 359 453 quidem
382 383 633 452 rapide'inurbem
652 391 756 449 vectus,
775 401 878 454 paucos
917 426 919 429 .

76 461 140 522 post
146 456 209 507 dies
219 457 295 506 iussu
305 454 411 508 Vitellii
422 469 526 520 poenas
535 453 595 504 luit.
608 483 612 491 ·
631 450 798 506 Senatorum
808 457 878 522 peri·

77 525 169 578 culum
180 530 300 584 auctum,
310 523 484 576 credentibus
494 521 658 573 Othonianis
669 523 802 574 militibus
812 539 878 575 vera
920 562 923 565 -

77 607 145 654 esse,
166 608 238 659 quae
258 591 461 643 adferebantur.
508 591 674 646 intendebat
692 591 878 656 formidinem,

24 673 25 676 ’
77 662 150 728 quod
160 661 263 727 publici
273 660 380 711 consilii
396 660 467 712 facie
482 659 631 710 discessum
646 661 768 723 Mutina,
788 661 879 713 deser·

76 735 177 795 taeque
198 735 291 793 partes
312 728 412 779 forent.
448 727 632 780 Necultra·in
653 744 797 781 commune
816 745 879 780 con·
912 762 915 766 ,

76 798 174 865 gressi,
182 797 235 848 sibi
245 797 360 864 quisque
371 797 546 849 consuluere:
556 797 646 848 donec
655 799 756 849 missae
766 811 783 848 a
792 798 879 850 Fabio

76 866 197 918 Valente
207 864 348 931 epistolae·
360 864 505 915 demerent
515 870 626 916 metum.
657 865 783 918 litmors
794 863 879 918 othb-
929 909 935 922 .

76 936 128 998 uis,
138 949 193 1002 quo
202 933 377 995 laudabilior,
393 947 426 984 eo
435 932 558 984 velocius
569 934 672 984 andita.
874 987 876 991 ,

129 1003 188 1056 LV.
224 1002 372 1054 seriumne
388 1000 458 1050 nihil
472 1002 680 1068 trepidationis:
699 1001 828 1054 cereales
838 1003 879 1054 lu·

78 1072 106 1131 di
117 1087 151 1133 ex
161 1086 239 1122 more
249 1070 453 1137 spectabantur.
476 1067 513 1120 Vt
531 1071 639 1121 cesurae
656 1069 722 1121 vita·
737 1066 878 1135 Othonem,

77 1148 105 1192 et
115 1157 132 1192 a
141 1139 239 1192 Flavio
250 1139 358 1200 Sabino,
369 1136 521 1208 Praefecto
527 1137 611 1202 orbis,
626 1139 697 1203 quod
704 1147 766 1190 erat
775 1139 805 1190 s’n
814 1139 879 1191 urbe

77 1205 202 1271 militum,
221 1214 390 1261 sacramento
405 1203 653 1271 Vitellii-adactum,
670 1209 738 1258 certi
750 1215 879 1260 auctores

77 1277 106 1328 in
119 1277 261 1331 theatrum
280 1276 451 1338 adtulerunt,
475 1273 583 1328 Vitellio
602 1275 743 1342 plausere:
761 1277 880 1342 populus

78 1359 141 1396 oum
150 1347 232 1398 lnuru
242 1361 275 1397 ac
284 1345 398 1396 iloribus
403 1344 509 1396 Galbae
518 1346 653 1410 imagines
663 1346 765 1396 circum
777 1345 882 1410 templa

77 1414 151 1476 tulit,
171 1414 308 1481 congestis
324 1415 354 1462 in
369 1413 480 1462 modum
495 1413 596 1462 tumuli
614 1415 733 1476 coronis,
753 1414 832 1464 iuxta
843 1414 882 1464 la-

79 1496 139 1533 cum
173 1485 253 1545 antii,
269 1497 354 1549 quem
365 1479 457 1530 locum
468 1479 558 1531 Galba
568 1483 688 1533 moriens
699 1497 748 1533 san
788 1483 833 1535 ine
843 1483 883 1533 in·

78 1483 193 1603 fecAl.
228 1552 260 1601 ln
271 1550 373 1601 Senatu
385 1554 497 1610 cuncta,
518 1548 734 1619 longisabomm
782 1553 882 1618 ‘ncipa-

77 1622 152 1671 tibus
161 1620 329 1685 composita,
346 1616 652 1668 statimdeoeruuntur.
687 1619 804 1671 Additae
815 1636 844 1671 er
864 1634 883 1671 a

83 1688 257 1743 &amaricet
270 1686 404 1741 remittes
418 1685 510 1736 laudes
526 1692 688 1753 gratesque,
706 1692 735 1738 et
748 1690 832 1738 missa
842 1636 884 1739 fe·

79 1760 165 1825 gatio,
175 1772 247 1826 quae
255 1758 359 1825 gaudio
375 1755 548 1821 fungeretur.
584 1756 726 1805 Recitatae
741 1754 819 1806 Fabii
829 1755 883 1808 Va·

78 1827 162 1879 lentis
173 1828 317 1894 epistolae,
328 1825 363 1877 ad
375 1823 508 1876 Consules
519 1824 638 1889 serlptae
647 1822 721 1873 baud
731 1824 885 1874 inmoderass
962 1822 964 1825 ’

78 1901 119 1957 te:
138 1899 245 1964 gratior
264 1897 399 1949 Gaooiuae
417 1892 555 1944 modestia
575 1892 636 1954 luit,
650 1890 725 1959 quod
744 1905 799 1942 non
819 1894 886 1941 scri·
944 1919 947 1926 ·

104 1968 187 2025 isset.

79 1979 111 2031 ps
133 2036 203 2088 LVl.
240 2026 369 2087 Ceterum
397 2032 478 2084 ltalia
503 2030 614 2097 grarim
642 2034 726 2096 atquc
747 2031 885 2093 atrocius,
969 2084 972 2089 ,

82 2102 469 2173 ᾳυαηι»ὴοὶὶο,αάῆίεια1)αῒυπ.
507 2100 623 2164 dispersi
638 2113 688 2165 per
698 2100 846 2164 municipia
857 2105 887 2149 et

82 2171 207 2225 colonias
217 2172 369 2231 Vitelliani,
378 2170 509 2235 spoliare,
521 2180 629 2233 rapere,
640 2170 665 2217 ri
677 2172 707 2219 ct
715 2170 817 2233 stupris
827 2167 885 2232 pol·
973 2199 977 2202 -

81 2242 173 2293 luere:
193 2241 222 2290 in
239 2252 319 2291 omne
335 2237 381 2291 sas
393 2237 526 2303 nefasque
544 2237 617 2287 avidi
632 2241 682 2287 ant
690 2238 811 2296 venales,
829 2251 885 2285 non

82 2324 172 2371 sacro,
182 2323 236 2361 nou
247 2306 364 2372 profano
375 2306 557 2368 abstinebant,
585 2306 629 2356 ut
639 2304 726 2367 fuere,
740 2306 788 2371 qui
798 2304 886 2355 inimi·

83 2374 661 2443 cosanus,speciemilitum,interlicerent.
696 2372 885 2439 ipsiquemili·

82 2455 136 2512 tes,
142 2444 292 2515 regionum
303 2445 392 2511 gnari,
404 2441 524 2495 refertos
534 2442 884 2509 agnoscitesdominosan
927 2478 930 2484 .

83 2518 226 2587 praedam,
237 2519 300 2577 aut,
318 2514 342 2563 si
352 2514 535 2579 repugnatum
549 2512 630 2573 soret,
646 2511 682 2561 ad
692 2512 829 2562 excidium
839 2510 885 2559 de-

84 2587 240 2643 stillabant:¹
258 2582 383 2641 obnoxiis
397 2582 522 2647 Ducibus
535 2586 566 2631 et
579 2579 728 2647 probibere
736 2595 791 2631 non
802 2576 886 2630 ausis.

85 2657 176 2708 urinus
188 2654 322 2705 avaritiae
328 2654 359 2707 ¹in
370 2652 496 2713 Caecina,
509 2649 572 2717 plus
582 2648 754 2701 ambitionisr
772 2645 886 2703 Valens.
