2034 3025
94 199 98 205 ,
153 138 189 193 60
248 132 548 191 Hisroltisitvbi
580 131 865 203 [b.v.823.s.0.70.]

206 235 254 297 Ν.
290 244 371 294 Titus
389 246 514 306 spectata
532 239 674 305 opulentis
691 237 826 304 donisque
845 239 978 304 Regum,

154 325 279 384 quaeque
290 312 345 362 alia
356 311 461 361 laetum
471 309 683 376 antiquitatibus
693 307 864 357 Graecorum
875 300 979 372 genus

150 379 277 446 ,incertae
295 381 426 430 vetustati
445 379 571 444 adtingit,
598 377 630 427 sle
647 374 822 444 navigatione
841 379 976 440 primunr

155 451 304 504 consuluit.
333 447 480 513 Postquam
492 445 580 511 pandi
591 445 662 495 ctum
676 452 704 504 et
717 458 792 495 more
802 459 977 510 prosperum

154 521 274 586 accepit,
302 516 336 567 de
347 530 436 580 seper
447 515 577 580 ambages
591 516 762 580 interrogat,
790 515 881 562 caesis
893 527 975 564 com·

47 624 49 628 -
68 645 69 650 η
156 589 281 655 pluribus
291 584 395 635 hostiis.
415 581 765 644 Sostratus(Sacerdotisid
775 595 878 631 nomen
890 585 974 641 erat)

156 657 203 707 ubi
219 657 294 705 laeta
308 658 338 704 et
351 652 533 718 congruentia
546 658 625 712 exta,
651 652 813 716 magnisque
827 650 974 700 consultis

158 737 279 775 annuere
289 723 388 782 Deam,
406 721 490 779 videt,
507 733 596 784 pauca
605 721 633 768 in
644 733 776 785 praesens
786 724 815 768 et
824 718 916 768 solita
927 732 971 768 re-

153 791 308 858 spondens,
327 792 547 854 petitosecreto,
566 788 769 852 futuraaperit.
805 787 900 848 Titus,
923 799 973 838 au-

104 877 109 884 ·
159 865 203 909 cto
214 859 314 918 animo,
334 858 367 907 ad
380 864 485 922 patrem
495 861 648 922 pervectus,
660 857 800 921 suspensis
810 857 972 920 provincia·

159 941 221 978 rum
232 930 261 978 et
278 927 448 976 exercituum
467 925 617 986 mentibus,
634 928 731 991 ingens
748 937 840 974 rerum
860 925 971 974 fiducia

159 997 283 1046 accessit.
319 993 520 1060 Profligaverat
537 993 642 1044 bellurn
657 993 798 1043 Iudaicum
814 992 970 1056 Vespasia-

73 1092 78 1103 ·
160 1079 224 1126 nus3
250 1064 456 1129 oppugnatione
471 1062 733 1127 Hierosolymorum
748 1061 871 1126 reliqua,
893 1061 969 1111 duro

162 1133 247 1198 magis
259 1138 289 1181 et
303 1131 389 1184 arduo
402 1145 498 1195 opere,
517 1131 553 1180 ob
567 1132 707 1196 ingenium
722 1131 823 1179 montis
834 1135 864 1178 ct
875 1131 968 1194 pervi-

162 1203 266 1252 caciam
276 1201 493 1263 superstitionis,
514 1213 596 1264 quam
614 1213 668 1265 quo
680 1200 747 1248 satis
762 1199 862 1248 virium
873 1198 969 1248 obses·

161 1272 200 1321 sis
210 1269 245 1318 ad
261 1266 421 1318 tolerandas
436 1269 614 1320 necessitates
629 1272 796 1332 superesset,
831 1268 918 1328 Tres,
937 1272 969 1316 ut

162 1353 246 1404 supra
256 1338 479 1397 memoravimus,
498 1338 549 1401 ipsi
560 1337 734 1401 Vespasiano
742 1336 866 1402 legiones
877 1340 968 1400 erant,

163 1408 303 1460 exercitae
319 1405 408 1456 bello:
428 1410 549 1472 quatuor
564 1405 710 1454 Mucianus
725 1404 868 1456 obtinebat
876 1405 905 1454 in
920 1417 968 1468 pa·

163 1480 207 1540 ce‘;
225 1476 273 1529 sed
284 1467 432 1525 aemulatio
444 1479 473 1525 et
483 1475 598 1540 proximi
610 1467 749 1527 eretritus
758 1473 847 1539 gloria
857 1473 967 1537 repule-

162 1551 208 1597 rat
223 1546 379 1611 segnitiam:
400 1550 587 1610 quantumque
605 1543 661 1592 illis
681 1543 787 1608 roboris
806 1542 967 1592 discrimina

164 1622 193 1665 et
203 1614 299 1674 labor,
319 1616 428 1662 tantum
444 1612 485 1661 bis
496 1612 598 1677 vigoris
613 1611 762 1661 addiderat
770 1613 880 1676 integra
889 1610 966 1676 qules

165 1688 194 1733 et
203 1684 362 1745 inexpertus
374 1680 440 1731 belli
452 1681 540 1731 labor.
577 1680 682 1730 auxilia
690 1682 801 1745 utrique
812 1677 967 1728 cohortium

163 1750 334 1815 alarumque,
353 1754 381 1798 et
401 1749 502 1801 classes
522 1748 676 1815 Rogemus,
694 1761 727 1799 ac
746 1762 847 1799 nomen
863 1746 967 1814 dispari

90 1814 92 1821 '
165 1818 242 1869 fama
257 1816 374 1867 celebre.
456 1856 457 1859 ,

219 1886 253 1937 V.
289 1884 487 1951 Vespasianus,
506 1893 569 1936 acer
584 1885 714 1947 militiae,
733 1884 841 1935 anteire
861 1898 967 1950 agmen,

165 1954 257 2005 locum
269 1956 366 2004 castris
377 1958 578 2017 capereretur
591 1953 694 2021 diuque
704 1953 829 2014 consilio,
840 1966 880 2015 ac,
889 1954 912 2001 si
923 1967 966 2003 res

186 2025 302 2083 asseret,
320 2024 404 2083 manu
414 2021 538 2071 hostibus
549 2021 651 2087 obniti:
681 2023 742 2073 cibo
752 2021 878 2082 fortuito,
892 2025 967 2071 reste

165 2036 317 2155 {abitoque
327 2091 373 2140 vix
383 2104 400 2139 a
410 2088 538 2155 gregario
549 2090 637 2140 milite
647 2089 820 2157 discrepans:
847 2103 966 2156 prorsus,

78 2184 82 2203 ·
165 2160 190 2211 si
201 2159 315 2209 avaritia
326 2158 443 2218 abesset,
462 2157 581 2225 antiquis
592 2159 714 2209 Ducibus
723 2173 781 2225 par.
809 2159 964 2209 Mucianum

166 2241 183 2280 e
193 2226 333 2279 contrario
343 2227 548 2293 magnificentia
564 2233 593 2277 et
603 2243 669 2292 opes
680 2234 708 2279 ct
718 2232 818 2279 cuncta
831 2229 964 2293 privatum

166 2296 279 2347 modum
302 2310 483 2361 supergressa
507 2297 687 2347 extollebant.
723 2298 815 2362 aptior
838 2296 964 2357 sermoni,

171 2362 305 2432 dispositu
322 2366 487 2430 provisuquc
506 2363 626 2415 civilium
644 2379 736 2416 rerum
754 2366 873 2430 peritus:
892 2379 965 2429 egre·

169 2434 244 2497 glum
256 2432 428 2497 Principatus
440 2438 700 2496 temperamentum,
719 2434 755 2495 si,
775 2433 891 2497 demptis
900 2432 965 2484 utri·

170 2514 258 2567 usque
276 2500 362 2561 vidia,
380 2499 457 2549 solae
477 2503 594 2553 virtutes
613 2504 803 2552 miscerentur.
840 2502 964 2551 Ceterum

169 2564 215 2619 hic
226 2566 336 2633 Syriae,
353 2567 401 2617 ille
413 2566 531 2617 iudaeae
549 2571 732 2634 praepositus,
750 2570 848 2619 vicinis
862 2571 964 2635 provin·

169 2634 273 2687 riarum
289 2636 584 2699 administrationibus,
600 2638 703 2687 invidia
718 2637 874 2700 discordes,
892 2640 962 2687 exitu

950 2824 959 2858 l
