2034 3025
155 82 459 151 urnrrncnn‘ss.
496 98 784 167 [nuncnune]
832 56 916 153 1¹9„

77 204 153 269 rique
163 201 321 253 Mucianum
330 203 457 263 iubebat,
475 203 677 270 adiiciebatque
690 205 807 269 irnperio
819 218 879 253 con-

76 273 178 335 silium,
196 271 301 337 quondo
312 270 461 339 Aegyptus,
478 273 600 323 claustra
617 288 747 335 annonae,
764 270 881 341 vectiga-

77 340 139 392 liao
159 340 390 391 scientissimorum
395 340 598 406 provinciarum
613 339 807 402 obtinerentur,
821 356 881 407 por·

80 426 108 461 re
144 407 225 461 itellii
234 408 382 461 exereitum
392 417 513 477 egestate
522 409 648 475 stipendii
652 408 842 481 frumentique
847 410 883 461 ad

80 478 238 539 deditionem
247 476 346 546 subigi.
382 478 487 529 Eadem
503 480 649 529 Mucianus
666 479 769 530 crebris
782 479 882 544 episto-

79 548 113 599 lis
124 546 263 610 monebat,
280 546 450 597 incruentam
469 555 496 599 et
515 547 572 599 sine
589 549 665 601 luctu
685 546 836 609 victoriam,
855 554 883 597 et

79 617 135 667 alia
155 613 345 667 huiuscemodi
365 615 566 681 praetexend03
593 616 642 667 sed
661 615 766 683 gloriae
786 616 883 667 nvidus

79 691 163 751 atque
184 698 265 735 omne
283 682 350 735 belli
366 681 449 733 decus
463 685 518 734 sibi
533 686 663 737 retinens.
699 685 828 736 Ceterum
849 699 893 735 ex.

78 752 246 805 distantibus
256 758 396 807 terrarum
405 755 512 819 spatiis,
523 754 640 807 consilia
650 758 713 821 post
722 768 768 807 res
777 753 884 805 adsene-

78 822 188 873 bantur.
303 847 306 852 >

131 890 178 942 IX.
216 892 307 959 lgitnr
315 894 460 959 repentino
474 894 588 949 incursu
599 894 734 946 Antonius
748 894 883 944 stationes

79 958 199 1011 hostium
210 960 352 1028 ihrumpit,
371 964 541 1029 tentatisque
553 962 606 1013 leri
615 963 722 1028 proelio
732 963 837 1024 anisnis,
848 975 883 1011 ex

79 1045 168 1097 aequo
179 1030 339 1083 discessum.
377 1031 446 1084 Mox
456 1030 575 1081 Caecina
585 1032 658 1083 inter·
668 1032 827 1093 Hostiliam,
848 1030 883 1079 vi-

79 1114 141 1149 cum
160 1099 364 1152 veronensium
384 1104 413 1150 et
428 1100 543 1165 paludes
560 1100 672 1152 Tartari
691 1100 822 1161 huminis,
841 1096 887 1150 cal

80 1174 141 1218 stra
150 1169 312 1233 permuniit3
331 1172 408 1219 tutus
418 1168 488 1231 loco,
498 1182 560 1219 eum
570 1172 650 1237 terga
662 1168 782 1231 humine,
793 1168 883 1220 lutera

81 1237 190 1289 ohiectu
205 1237 314 1305 paludis
328 1244 498 1304 tegerentur.
535 1238 609 1304 quod
624 1240 647 1289 si
658 1239 794 1292 adfuisset
803 1237 883 1298 tides,

17 1305 24 1311 ’
80 1311 130 1355 aut
139 1302 256 1372 opprinii
271 1308 407 1357 universis
417 1306 631 1360 Vitellianorum
644 1309 748 1359 viribus
763 1306 835 1357 duae
845 1306 881 1357 le·

79 1374 187 1439 giones,
205 1374 327 1425 nondum
343 1376 490 1426 coniuncto
507 1376 630 1427 Moesico
647 1377 777 1437 exercitu,
787 1379 882 1439 potue·

80 1456 126 1502 re,
143 1445 192 1490 aut
213 1449 288 1493 retro
308 1447 401 1504 actae,
419 1443 530 1495 deserta
549 1444 643 1504 ltalia,
662 1450 768 1509 turpem
788 1442 882 1507 fugam

81 1508 283 1561 conscivissent
320 1510 373 1561 Sed
386 1513 512 1572 Caecina,
524 1527 573 1578 per
583 1514 673 1564 varias
683 1527 784 1574 moras,
794 1513 882 1577 prinus
900 1541 903 1547 -

79 1577 206 1630 hostibus
225 1578 346 1645 prodidit
362 1586 488 1646 tempora
506 1580 589 1644 belli,
607 1580 691 1643 dum,
709 1594 778 1649 quos
798 1582 882 1630 armis

1 1677 2 1681 =
79 1645 186 1714 pellere
195 1655 350 1715 promptum
361 1654 430 1710 erat,
448 1649 573 1715 epistolis
583 1651 718 1716 increpat,
736 1649 883 1713 donecper

80 1719 193 1768 nuntios
213 1724 294 1785 pacta
313 1717 445 1783 perfidiae
463 1720 595 1770 lirnraret.
630 1719 745 1770 Interim
761 1720 881 1784 Aponius

81 1786 247 1838 Saturninus
262 1802 322 1838 cunr
342 1787 451 1854 legione
465 1789 581 1855 septima
592 1788 744 1840 Claudiana
762 1787 881 1839 advenit.

79 1855 182 1923 legioni
194 1858 332 1908 Tribunus
343 1857 493 1924 Vipstanus
504 1859 637 1908 Messalla
647 1864 785 1924 praeerat,
799 1856 881 1907 claris

80 1927 241 1989 maioribus,
258 1929 386 1994 egregius
400 1928 469 1993 ipse,
488 1932 516 1977 et
531 1929 578 1994 qui
592 1927 669 1978 solus
683 1927 718 1978 ud
734 1927 761 1978 id
777 1925 880 1978 bellum

8 2000 14 2006 '
81 1999 157 2045 artes
169 1994 255 2046 bonas
271 1994 426 2048 adtulisset.
462 1996 524 2046 llas
537 1996 574 2047 ad
588 1997 688 2063 copias,
707 2010 881 2064 nequaquam

52 2099 61 2104 .
80 2062 240 2114 Vitellianis
254 2079 335 2130 pares
350 2066 464 2133 (qnippe
477 2070 535 2115 tres
551 2064 641 2117 adhuc
654 2066 779 2133 legiones
791 2067 882 2125 erant)
968 2069 970 2078 ’

81 2131 157 2181 misit
165 2133 297 2203 epistolas
311 2134 441 2196 Caecina,
459 2134 640 2206 temepitntem
655 2135 727 2188 uicta
741 2152 817 2188 arma
827 2145 883 2186 tra·
926 2153 931 2161 ’

80 2197 360 2252 etantiumincusans.
394 2201 573 2257 sinrulm'rtor
587 2203 884 2260 Gerrnnnica'exercitor

82 2267 211 2319 laudibus
230 2267 431 2334 udtollebatur3
470 2272 578 2325 Vitellii
598 2273 707 2324 modica
728 2277 757 2324 et
775 2273 883 2339 uulgari

82 2338 233 2400 mentione,
251 2337 329 2389 nulla
343 2339 372 2390 in
386 2341 587 2406 Vespasianum
602 2341 778 2394 contumelia.
814 2340 884 2394 nihil

81 2419 206 2472 prorsus,
223 2407 296 2473 quod
307 2413 355 2458 aut
365 2417 562 2475 conrumperet
571 2410 687 2472 hostem,
697 2416 746 2462 aut
755 2415 882 2464 terreret.

63 2533 65 2536 ,
81 2475 275 2530 Flavianarum
287 2477 406 2542 partium
415 2478 524 2542 Duces,
534 2485 635 2531 omissa
645 2480 744 2546 prioris
754 2479 884 2532 fortunus

83 2544 254 2609 defensione,
271 2559 323 2610 pro
333 2544 503 2614 Vespasiano
514 2550 666 2616 magnifice,
684 2562 733 2614 pro
745 2563 842 2601 caussa
852 2549 883 2601 fi·

83 2613 189 2679 denter,
208 2615 243 2667 de
262 2617 387 2669 exercitu
406 2618 505 2682 securi,
522 2619 550 2670 in
566 2617 709 2685 Vitellium
725 2622 757 2670 ut
770 2617 883 2682 inimici,
