<?xml version="1.0" encoding="UTF-8"?>
<!DOCTYPE html PUBLIC "-//W3C//DTD XHTML 1.0 Transitional//EN"
    "http://www.w3.org/TR/xhtml1/DTD/xhtml1-transitional.dtd">
<html xmlns="http://www.w3.org/1999/xhtml" xml:lang="en" lang="en">
 <head>
  <title>
</title>
<meta http-equiv="Content-Type" content="text/html;charset=utf-8" />
  <meta name='ocr-system' content='tesseract 3.04.00' />
  <meta name='ocr-capabilities' content='ocr_page ocr_carea ocr_par ocr_line ocrx_word'/>
</head>
<body>
  <div class='ocr_page' id='page_1' title='image "./ccorneliitaciti00socigoog/ccorneliitaciti00socigoog_0503.png"; bbox 0 0 2034 3025; ppageno 0'>
   <div class='ocr_carea' id='block_1_1' title="bbox 135 113 852 188">
    <p class='ocr_par' dir='ltr' id='par_1_1' title="bbox 135 113 852 188">
     <span class='ocr_line' id='line_1_1' title="bbox 135 113 852 188; baseline 0 -20"><span class='ocrx_word' id='word_1_1' title='bbox 135 117 172 170; x_wconf 78' lang='lat'><strong>⁷2</strong></span> <span class='ocrx_word' id='word_1_2' title='bbox 222 113 525 170; x_wconf 76' lang='lat' dir='ltr'><strong>ulsuoulluvlu</strong></span> <span class='ocrx_word' id='word_1_3' title='bbox 560 113 852 188; x_wconf 56' lang='lat' dir='ltr'><strong>[numanum</strong></span> 
     </span>
    </p>
   </div>
   <div class='ocr_carea' id='block_1_2' title="bbox 82 206 966 1191">
    <p class='ocr_par' dir='ltr' id='par_1_2' title="bbox 82 206 966 1191">
     <span class='ocr_line' id='line_1_2' title="bbox 135 206 966 290; baseline -0.006 -13"><span class='ocrx_word' id='word_1_4' title='bbox 135 237 188 286; x_wconf 80' lang='lat' dir='ltr'><strong>tat,</strong></span> <span class='ocrx_word' id='word_1_5' title='bbox 198 220 304 289; x_wconf 75' lang='lat' dir='ltr'><strong>aperiri</strong></span> <span class='ocrx_word' id='word_1_6' title='bbox 316 206 454 290; x_wconf 75' lang='lat' dir='ltr'><strong>campum,</strong></span> <span class='ocrx_word' id='word_1_7' title='bbox 465 219 556 288; x_wconf 79' lang='lat' dir='ltr'><strong>pondi</strong></span> <span class='ocrx_word' id='word_1_8' title='bbox 569 211 656 273; x_wconf 81' lang='lat' dir='ltr'><strong>aciem</strong></span> <span class='ocrx_word' id='word_1_9' title='bbox 670 209 797 284; x_wconf 85' lang='lat' dir='ltr'><strong>iubebat;</strong></span> <span class='ocrx_word' id='word_1_10' title='bbox 815 219 886 272; x_wconf 81' lang='lat' dir='ltr'><strong>ratic</strong></span> <span class='ocrx_word' id='word_1_11' title='bbox 896 219 966 272; x_wconf 76' lang='lat' dir='ltr'><strong>cito</strong></span> 
     </span>
     <span class='ocr_line' id='line_1_3' title="bbox 133 288 964 362; baseline -0.002 -18"><span class='ocrx_word' id='word_1_12' title='bbox 133 291 220 360; x_wconf 76' lang='lat' dir='ltr'><strong>incipi</strong></span> <span class='ocrx_word' id='word_1_13' title='bbox 227 289 385 353; x_wconf 57' lang='lat' dir='ltr'><strong>notoriam,</strong></span> <span class='ocrx_word' id='word_1_14' title='bbox 404 288 699 362; x_wconf 77' lang='lat' dir='ltr'><strong>ubiprcoieumforet,</strong></span> <span class='ocrx_word' id='word_1_15' title='bbox 718 307 751 344; x_wconf 86' lang='lat' dir='ltr'><strong>ne</strong></span> <span class='ocrx_word' id='word_1_16' title='bbox 764 289 964 343; x_wconf 76' lang='lat' dir='ltr'><strong><em>vincerentur.</em></strong></span> 
     </span>
     <span class='ocr_line' id='line_1_4' title="bbox 133 353 963 426; baseline -0.008 -9"><span class='ocrx_word' id='word_1_17' title='bbox 133 364 178 417; x_wconf 85' lang='lat' dir='ltr'><strong>Ea</strong></span> <span class='ocrx_word' id='word_1_18' title='bbox 187 361 366 414; x_wconf 72' lang='lat' dir='ltr'><strong>cunctatione</strong></span> <span class='ocrx_word' id='word_1_19' title='bbox 376 361 497 426; x_wconf 77' lang='lat' dir='ltr'><strong>epatium</strong></span> <span class='ocrx_word' id='word_1_20' title='bbox 507 353 666 422; x_wconf 85' lang='lat' dir='ltr'><strong>Vitellianis</strong></span> <span class='ocrx_word' id='word_1_21' title='bbox 677 361 781 424; x_wconf 90' lang='lat' dir='ltr'><strong>datum,</strong></span> <span class='ocrx_word' id='word_1_22' title='bbox 800 361 829 410; x_wconf 92' lang='lat' dir='ltr'><strong>in</strong></span> <span class='ocrx_word' id='word_1_23' title='bbox 839 361 963 422; x_wconf 80' lang='lat' dir='ltr'><strong>vineas,</strong></span> 
     </span>
     <span class='ocr_line' id='line_1_5' title="bbox 134 429 962 498; baseline -0.005 -14"><span class='ocrx_word' id='word_1_24' title='bbox 134 445 210 486; x_wconf 83' lang='lat' dir='ltr'><strong>nexu</strong></span> <span class='ocrx_word' id='word_1_25' title='bbox 218 430 366 483; x_wconf 72' lang='lat' dir='ltr'><strong>uaducum</strong></span> <span class='ocrx_word' id='word_1_26' title='bbox 375 430 522 496; x_wconf 76' lang='lat' dir='ltr'><strong>inpeditae,</strong></span> <span class='ocrx_word' id='word_1_27' title='bbox 537 429 705 498; x_wconf 80' lang='lat' dir='ltr'><strong>refugiendi.</strong></span> <span class='ocrx_word' id='word_1_28' title='bbox 735 433 772 490; x_wconf 32' lang='lat' dir='ltr'><strong>,et</strong></span> <span class='ocrx_word' id='word_1_29' title='bbox 782 429 894 487; x_wconf 86' lang='lat' dir='ltr'><strong>modica</strong></span> <span class='ocrx_word' id='word_1_30' title='bbox 907 431 962 481; x_wconf 81' lang='lat' dir='ltr'><strong>sil-</strong></span> 
     </span>
     <span class='ocr_line' id='line_1_6' title="bbox 136 494 962 572; baseline -0.004 -18"><span class='ocrx_word' id='word_1_31' title='bbox 136 514 171 554; x_wconf 77' lang='lat' dir='ltr'><strong>va</strong></span> <span class='ocrx_word' id='word_1_32' title='bbox 181 494 366 552; x_wconf 76' lang='lat' dir='ltr'><strong>adlicerebatc</strong></span> <span class='ocrx_word' id='word_1_33' title='bbox 376 499 454 551; x_wconf 88' lang='lat' dir='ltr'><strong>unde</strong></span> <span class='ocrx_word' id='word_1_34' title='bbox 461 513 561 551; x_wconf 77' lang='lat' dir='ltr'><strong>rursus</strong></span> <span class='ocrx_word' id='word_1_35' title='bbox 566 501 627 550; x_wconf 83' lang='lat' dir='ltr'><strong>ausi</strong></span> <span class='ocrx_word' id='word_1_36' title='bbox 638 501 859 572; x_wconf 74' lang='lat' dir='ltr'><strong>promptissimos</strong></span> <span class='ocrx_word' id='word_1_37' title='bbox 864 498 962 552; x_wconf 82' lang='lat' dir='ltr'><strong>Prae·</strong></span> 
     </span>
     <span class='ocr_line' id='line_1_7' title="bbox 88 567 961 636; baseline -0.001 -13"><span class='ocrx_word' id='word_1_38' title='bbox 88 626 90 629; x_wconf 73' lang='grc'><strong>,</strong></span> <span class='ocrx_word' id='word_1_39' title='bbox 135 572 312 624; x_wconf 89' lang='lat' dir='ltr'><strong>torianorum</strong></span> <span class='ocrx_word' id='word_1_40' title='bbox 332 571 457 636; x_wconf 86' lang='lat' dir='ltr'><strong>equitum</strong></span> <span class='ocrx_word' id='word_1_41' title='bbox 475 567 655 622; x_wconf 78' lang='lat' dir='ltr'><strong>interfecere.</strong></span> <span class='ocrx_word' id='word_1_42' title='bbox 701 569 868 621; x_wconf 84' lang='lat' dir='ltr'><strong>vulneratur</strong></span> <span class='ocrx_word' id='word_1_43' title='bbox 888 570 961 622; x_wconf 82' lang='lat' dir='ltr'><strong>Rex</strong></span> 
     </span>
     <span class='ocr_line' id='line_1_8' title="bbox 104 637 960 776; baseline 0 -14"><span class='ocrx_word' id='word_1_44' title='bbox 104 666 109 672; x_wconf 83' lang='grc'><strong>’</strong></span> <span class='ocrx_word' id='word_1_45' title='bbox 135 637 960 776; x_wconf 43' lang='lat' dir='ltr'><strong>lietullutulliluululliilam...</strong></span> 
     </span>
     <span class='ocr_line' id='line_1_9' title="bbox 91 767 956 847; baseline -0.005 -15"><span class='ocrx_word' id='word_1_46' title='bbox 91 823 95 836; x_wconf 87' lang='lat'><strong>,</strong></span> <span class='ocrx_word' id='word_1_47' title='bbox 136 778 260 832; x_wconf 83' lang='lat' dir='ltr'><strong>boatium</strong></span> <span class='ocrx_word' id='word_1_48' title='bbox 270 778 339 841; x_wconf 87' lang='lat' dir='ltr'><strong>acie,</strong></span> <span class='ocrx_word' id='word_1_49' title='bbox 347 779 422 830; x_wconf 79' lang='lat' dir='ltr'><strong>varai</strong></span> <span class='ocrx_word' id='word_1_50' title='bbox 431 779 461 829; x_wconf 86' lang='lat' dir='ltr'><strong>in</strong></span> <span class='ocrx_word' id='word_1_51' title='bbox 470 777 576 845; x_wconf 82' lang='lat' dir='ltr'><strong>fugam,</strong></span> <span class='ocrx_word' id='word_1_52' title='bbox 585 780 670 829; x_wconf 86' lang='lat' dir='ltr'><strong>etiam</strong></span> <span class='ocrx_word' id='word_1_53' title='bbox 680 779 727 846; x_wconf 89' lang='lat' dir='ltr'><strong>qui</strong></span> <span class='ocrx_word' id='word_1_54' title='bbox 738 767 956 847; x_wconf 68' lang='lat' dir='ltr'><strong>subveniebant</strong></span> 
     </span>
     <span class='ocr_line' id='line_1_10' title="bbox 136 845 957 916; baseline -0.001 -16"><span class='ocrx_word' id='word_1_55' title='bbox 136 863 202 900; x_wconf 87' lang='lat' dir='ltr'><strong>nam</strong></span> <span class='ocrx_word' id='word_1_56' title='bbox 213 847 332 900; x_wconf 84' lang='lat' dir='ltr'><strong>caecina</strong></span> <span class='ocrx_word' id='word_1_57' title='bbox 342 862 398 900; x_wconf 88' lang='lat' dir='ltr'><strong>non</strong></span> <span class='ocrx_word' id='word_1_58' title='bbox 413 847 497 899; x_wconf 84' lang='lat' dir='ltr'><strong>cimul</strong></span> <span class='ocrx_word' id='word_1_59' title='bbox 512 845 657 911; x_wconf 83' lang='lat' dir='ltr'><strong>cohortes,</strong></span> <span class='ocrx_word' id='word_1_60' title='bbox 677 847 726 899; x_wconf 87' lang='lat' dir='ltr'><strong>scd</strong></span> <span class='ocrx_word' id='word_1_61' title='bbox 741 847 867 916; x_wconf 78' lang='lat' dir='ltr'><strong>cingulas</strong></span> <span class='ocrx_word' id='word_1_62' title='bbox 879 850 957 900; x_wconf 87' lang='lat' dir='ltr'><strong>acci-</strong></span> 
     </span>
     <span class='ocr_line' id='line_1_11' title="bbox 137 917 956 985; baseline -0.004 -14"><span class='ocrx_word' id='word_1_63' title='bbox 137 921 237 971; x_wconf 75' lang='lat' dir='ltr'><strong>veratr</strong></span> <span class='ocrx_word' id='word_1_64' title='bbox 250 931 321 985; x_wconf 87' lang='lat' dir='ltr'><strong>quae</strong></span> <span class='ocrx_word' id='word_1_65' title='bbox 332 931 378 969; x_wconf 81' lang='lat' dir='ltr'><strong>rec</strong></span> <span class='ocrx_word' id='word_1_66' title='bbox 391 918 421 968; x_wconf 89' lang='lat' dir='ltr'><strong>in</strong></span> <span class='ocrx_word' id='word_1_67' title='bbox 431 917 539 984; x_wconf 87' lang='lat' dir='ltr'><strong>proelio</strong></span> <span class='ocrx_word' id='word_1_68' title='bbox 554 918 769 984; x_wconf 79' lang='lat' dir='ltr'><strong>trepidationem</strong></span> <span class='ocrx_word' id='word_1_69' title='bbox 778 917 868 982; x_wconf 83' lang='lat' dir='ltr'><strong>auxit,</strong></span> <span class='ocrx_word' id='word_1_70' title='bbox 887 933 956 970; x_wconf 88' lang='lat' dir='ltr'><strong>cum</strong></span> 
     </span>
     <span class='ocr_line' id='line_1_12' title="bbox 138 985 955 1056; baseline 0.002 -18"><span class='ocrx_word' id='word_1_71' title='bbox 138 985 288 1055; x_wconf 76' lang='lat' dir='ltr'><strong>dispersos,</strong></span> <span class='ocrx_word' id='word_1_72' title='bbox 306 1001 485 1055; x_wconf 75' lang='lat' dir='ltr'><strong>necunquam</strong></span> <span class='ocrx_word' id='word_1_73' title='bbox 493 985 613 1049; x_wconf 82' lang='lat' dir='ltr'><strong>validos,</strong></span> <span class='ocrx_word' id='word_1_74' title='bbox 627 1001 715 1053; x_wconf 87' lang='lat' dir='ltr'><strong>paror</strong></span> <span class='ocrx_word' id='word_1_75' title='bbox 726 987 894 1056; x_wconf 81' lang='lat' dir='ltr'><strong>fugientium</strong></span> <span class='ocrx_word' id='word_1_76' title='bbox 906 989 955 1040; x_wconf 80' lang='lat' dir='ltr'><strong>ab</strong></span> 
     </span>
     <span class='ocr_line' id='line_1_13' title="bbox 137 1055 957 1132; baseline -0.001 -23"><span class='ocrx_word' id='word_1_77' title='bbox 137 1057 253 1132; x_wconf 73' lang='lat' dir='ltr'><strong>riperct.</strong></span> <span class='ocrx_word' id='word_1_78' title='bbox 289 1056 361 1108; x_wconf 86' lang='lat' dir='ltr'><strong>Orta</strong></span> <span class='ocrx_word' id='word_1_79' title='bbox 370 1062 399 1110; x_wconf 87' lang='lat' dir='ltr'><strong>et</strong></span> <span class='ocrx_word' id='word_1_80' title='bbox 408 1058 438 1108; x_wconf 90' lang='lat' dir='ltr'><strong>in</strong></span> <span class='ocrx_word' id='word_1_81' title='bbox 449 1057 550 1109; x_wconf 77' lang='lat' dir='ltr'><strong>caetris</strong></span> <span class='ocrx_word' id='word_1_82' title='bbox 560 1055 671 1120; x_wconf 81' lang='lat' dir='ltr'><strong>ecditio,</strong></span> <span class='ocrx_word' id='word_1_83' title='bbox 688 1057 830 1127; x_wconf 71' lang='lat' dir='ltr'><strong>quolnon</strong></span> <span class='ocrx_word' id='word_1_84' title='bbox 840 1060 957 1109; x_wconf 84' lang='lat' dir='ltr'><strong>univer·</strong></span> 
     </span>
     <span class='ocr_line' id='line_1_14' title="bbox 82 1125 956 1191; baseline -0.001 -13"><span class='ocrx_word' id='word_1_85' title='bbox 82 1164 84 1167; x_wconf 27' lang='grc' dir='ltr'>ψ</span> <span class='ocrx_word' id='word_1_86' title='bbox 138 1125 355 1184; x_wconf 80' lang='lat' dir='ltr'><strong>aiducerentur.</strong></span> <span class='ocrx_word' id='word_1_87' title='bbox 390 1128 499 1178; x_wconf 80' lang='lat' dir='ltr'><strong>rinctus</strong></span> <span class='ocrx_word' id='word_1_88' title='bbox 509 1125 673 1178; x_wconf 83' lang='lat' dir='ltr'><strong>Praefectus</strong></span> <span class='ocrx_word' id='word_1_89' title='bbox 683 1131 849 1191; x_wconf 79' lang='lat' dir='ltr'><strong>castrorum,</strong></span> <span class='ocrx_word' id='word_1_90' title='bbox 863 1127 956 1179; x_wconf 83' lang='lat' dir='ltr'><strong>lulius</strong></span> 
     </span>
    </p>
   </div>
   <div class='ocr_carea' id='block_1_3' title="bbox 28 1192 957 1268">
    <p class='ocr_par' dir='ltr' id='par_1_3' title="bbox 28 1192 957 1268">
     <span class='ocr_line' id='line_1_15' title="bbox 28 1192 957 1268; baseline 0 -20"><span class='ocrx_word' id='word_1_91' title='bbox 28 1198 30 1201; x_wconf 85' lang='grc'><strong>’</strong></span> <span class='ocrx_word' id='word_1_92' title='bbox 139 1195 255 1256; x_wconf 76' lang='lat' dir='ltr'><strong>Gratus,</strong></span> <span class='ocrx_word' id='word_1_93' title='bbox 281 1203 419 1263; x_wconf 78' lang='lat' dir='ltr'><strong>tamquam</strong></span> <span class='ocrx_word' id='word_1_94' title='bbox 431 1194 536 1268; x_wconf 83' lang='lat' dir='ltr'><strong>fratri,</strong></span> <span class='ocrx_word' id='word_1_95' title='bbox 563 1195 639 1264; x_wconf 79' lang='lat' dir='ltr'><strong>apud</strong></span> <span class='ocrx_word' id='word_1_96' title='bbox 657 1192 791 1250; x_wconf 72' lang='lat' dir='ltr'><strong>Othonem</strong></span> <span class='ocrx_word' id='word_1_97' title='bbox 809 1196 957 1259; x_wconf 79' lang='lat' dir='ltr'><strong>militanti,</strong></span> 
     </span>
    </p>
   </div>
   <div class='ocr_carea' id='block_1_4' title="bbox 128 1262 956 1684">
    <p class='ocr_par' dir='ltr' id='par_1_4' title="bbox 128 1262 956 1684">
     <span class='ocr_line' id='line_1_16' title="bbox 136 1262 956 1336; baseline 0 -20"><span class='ocrx_word' id='word_1_98' title='bbox 136 1262 320 1336; x_wconf 69' lang='lat' dir='ltr'><strong>proditionem</strong></span> <span class='ocrx_word' id='word_1_99' title='bbox 329 1273 443 1334; x_wconf 77' lang='lat' dir='ltr'><strong>ageret:</strong></span> <span class='ocrx_word' id='word_1_100' title='bbox 461 1281 525 1317; x_wconf 91' lang='lat' dir='ltr'><strong>cum</strong></span> <span class='ocrx_word' id='word_1_101' title='bbox 535 1263 653 1336; x_wconf 81' lang='lat' dir='ltr'><strong>fratrem</strong></span> <span class='ocrx_word' id='word_1_102' title='bbox 663 1267 738 1329; x_wconf 69' lang='lat' dir='ltr'><strong>eiua,</strong></span> <span class='ocrx_word' id='word_1_103' title='bbox 752 1266 854 1318; x_wconf 87' lang='lat' dir='ltr'><strong>lulium</strong></span> <span class='ocrx_word' id='word_1_104' title='bbox 865 1267 956 1322; x_wconf 81' lang='lat' dir='ltr'><strong>Eron-</strong></span> 
     </span>
     <span class='ocr_line' id='line_1_17' title="bbox 139 1333 956 1400; baseline 0 -14"><span class='ocrx_word' id='word_1_105' title='bbox 139 1341 245 1398; x_wconf 87' lang='lat' dir='ltr'><strong>tonem,</strong></span> <span class='ocrx_word' id='word_1_106' title='bbox 270 1333 443 1400; x_wconf 84' lang='lat' dir='ltr'><strong>Tribunum,</strong></span> <span class='ocrx_word' id='word_1_107' title='bbox 470 1333 626 1388; x_wconf 80' lang='lat' dir='ltr'><strong>Othoniani</strong></span> <span class='ocrx_word' id='word_1_108' title='bbox 645 1335 696 1386; x_wconf 82' lang='lat' dir='ltr'><strong>sub</strong></span> <span class='ocrx_word' id='word_1_109' title='bbox 716 1335 815 1388; x_wconf 86' lang='lat' dir='ltr'><strong>codem</strong></span> <span class='ocrx_word' id='word_1_110' title='bbox 836 1338 956 1388; x_wconf 81' lang='lat' dir='ltr'><strong>crimine</strong></span> 
     </span>
     <span class='ocr_line' id='line_1_18' title="bbox 140 1403 954 1474; baseline 0 -18"><span class='ocrx_word' id='word_1_111' title='bbox 140 1405 303 1458; x_wconf 76' lang='lat' dir='ltr'><strong>vinxissent.</strong></span> <span class='ocrx_word' id='word_1_112' title='bbox 328 1404 472 1458; x_wconf 65' lang='lat' dir='ltr'><strong>‘Ceterum</strong></span> <span class='ocrx_word' id='word_1_113' title='bbox 491 1420 527 1458; x_wconf 89' lang='lat' dir='ltr'><strong>ea</strong></span> <span class='ocrx_word' id='word_1_114' title='bbox 545 1406 648 1474; x_wconf 90' lang='lat' dir='ltr'><strong>ubique</strong></span> <span class='ocrx_word' id='word_1_115' title='bbox 663 1403 785 1457; x_wconf 83' lang='lat' dir='ltr'><strong>formido</strong></span> <span class='ocrx_word' id='word_1_116' title='bbox 804 1405 860 1470; x_wconf 70' lang='lat' dir='ltr'><strong>fuit</strong></span> <span class='ocrx_word' id='word_1_117' title='bbox 879 1406 954 1472; x_wconf 88' lang='lat' dir='ltr'><strong>apud</strong></span> 
     </span>
     <span class='ocr_line' id='line_1_19' title="bbox 141 1472 955 1545; baseline -0.001 -17"><span class='ocrx_word' id='word_1_118' title='bbox 141 1472 303 1545; x_wconf 78' lang='lat' dir='ltr'><strong>fugientes,</strong></span> <span class='ocrx_word' id='word_1_119' title='bbox 315 1480 509 1540; x_wconf 78' lang='lat' dir='ltr'><strong>occursantes,</strong></span> <span class='ocrx_word' id='word_1_120' title='bbox 526 1473 640 1539; x_wconf 86' lang='lat' dir='ltr'><strong>inacie,</strong></span> <span class='ocrx_word' id='word_1_121' title='bbox 658 1475 812 1543; x_wconf 83' lang='lat' dir='ltr'><strong>provallo,</strong></span> <span class='ocrx_word' id='word_1_122' title='bbox 828 1481 860 1527; x_wconf 91' lang='lat' dir='ltr'><strong>ut</strong></span> <span class='ocrx_word' id='word_1_123' title='bbox 871 1475 955 1528; x_wconf 77' lang='lat' dir='ltr'><strong>deleri</strong></span> 
     </span>
     <span class='ocr_line' id='line_1_20' title="bbox 128 1544 956 1614; baseline -0.005 -14"><span class='ocrx_word' id='word_1_124' title='bbox 128 1550 203 1600; x_wconf 83' lang='lat' dir='ltr'><strong>..cum</strong></span> <span class='ocrx_word' id='word_1_125' title='bbox 211 1544 336 1599; x_wconf 76' lang='lat' dir='ltr'><strong>univerae</strong></span> <span class='ocrx_word' id='word_1_126' title='bbox 345 1544 468 1598; x_wconf 78' lang='lat' dir='ltr'><strong>exercitu</strong></span> <span class='ocrx_word' id='word_1_127' title='bbox 477 1544 622 1599; x_wconf 79' lang='lat' dir='ltr'><strong>Caecinam</strong></span> <span class='ocrx_word' id='word_1_128' title='bbox 627 1544 760 1614; x_wconf 75' lang='lat' dir='ltr'><strong>potuine,</strong></span> <span class='ocrx_word' id='word_1_129' title='bbox 768 1544 799 1599; x_wconf 85' lang='lat' dir='ltr'><strong>ni</strong></span> <span class='ocrx_word' id='word_1_130' title='bbox 809 1544 956 1598; x_wconf 76' lang='lat' dir='ltr'><strong>Suetoniar</strong></span> 
     </span>
     <span class='ocr_line' id='line_1_21' title="bbox 141 1612 956 1684; baseline -0.001 -17"><span class='ocrx_word' id='word_1_131' title='bbox 141 1612 346 1668; x_wconf 72' lang='lat' dir='ltr'><strong>Paullinutrec&#39;</strong></span> <span class='ocrx_word' id='word_1_132' title='bbox 375 1614 577 1679; x_wconf 78' lang='lat' dir='ltr'><strong>tuicec&#39;inc&#39;taet,</strong></span> <span class='ocrx_word' id='word_1_133' title='bbox 585 1618 712 1684; x_wconf 83' lang='lat' dir='ltr'><strong>utrisque</strong></span> <span class='ocrx_word' id='word_1_134' title='bbox 721 1617 752 1667; x_wconf 87' lang='lat' dir='ltr'><strong>in</strong></span> <span class='ocrx_word' id='word_1_135' title='bbox 762 1617 886 1683; x_wconf 81' lang='lat' dir='ltr'><strong>partibus</strong></span> <span class='ocrx_word' id='word_1_136' title='bbox 895 1628 956 1682; x_wconf 85' lang='lat' dir='ltr'><strong>per·</strong></span> 
     </span>
    </p>
   </div>
   <div class='ocr_carea' id='block_1_5' title="bbox 142 1684 955 1751">
    <p class='ocr_par' dir='ltr' id='par_1_5' title="bbox 33 1684 955 1751">
     <span class='ocr_line' id='line_1_22' title="bbox 142 1684 955 1751; baseline -0.001 -13.118"><span class='ocrx_word' id='word_1_137' title='bbox 142 1686 292 1739; x_wconf 74' lang='lat' dir='ltr'><strong>crebuerit.</strong></span> <span class='ocrx_word' id='word_1_138' title='bbox 357 1684 529 1750; x_wconf 69' lang='lat' dir='ltr'><strong>intuitione,</strong></span> <span class='ocrx_word' id='word_1_139' title='bbox 545 1684 690 1737; x_wconf 86' lang='lat' dir='ltr'><strong>Paullinus</strong></span> <span class='ocrx_word' id='word_1_140' title='bbox 705 1685 830 1751; x_wconf 81' lang='lat' dir='ltr'><strong>ferebat,</strong></span> <span class='ocrx_word' id='word_1_141' title='bbox 847 1693 955 1739; x_wconf 74' lang='lat' dir='ltr'><strong>tuntum</strong></span> 
     </span>
    </p>
   </div>
   <div class='ocr_carea' id='block_1_6' title="bbox 68 1752 956 2311">
    <p class='ocr_par' dir='ltr' id='par_1_6' title="bbox 80 1752 956 2030">
     <span class='ocr_line' id='line_1_23' title="bbox 140 1752 955 1821; baseline 0.001 -14"><span class='ocrx_word' id='word_1_142' title='bbox 140 1754 253 1821; x_wconf 70' lang='lat' dir='ltr'><strong>insuper</strong></span> <span class='ocrx_word' id='word_1_143' title='bbox 263 1752 365 1807; x_wconf 77' lang='lat' dir='ltr'><strong>lobaria</strong></span> <span class='ocrx_word' id='word_1_144' title='bbox 375 1753 538 1817; x_wconf 67' lang='lat' dir='ltr'><strong>coitionis,</strong></span> <span class='ocrx_word' id='word_1_145' title='bbox 547 1771 580 1807; x_wconf 85' lang='lat' dir='ltr'><strong>ac</strong></span> <span class='ocrx_word' id='word_1_146' title='bbox 595 1752 759 1807; x_wconf 74' lang='lat' dir='ltr'><strong>Vitellianus</strong></span> <span class='ocrx_word' id='word_1_147' title='bbox 766 1754 852 1818; x_wconf 73' lang='lat' dir='ltr'><strong>nuci,</strong></span> <span class='ocrx_word' id='word_1_148' title='bbox 861 1766 955 1808; x_wconf 79' lang='lat' dir='ltr'><strong>recent</strong></span> 
     </span>
     <span class='ocr_line' id='line_1_24' title="bbox 80 1822 956 1965; baseline 0 -19"><span class='ocrx_word' id='word_1_149' title='bbox 80 1841 95 1849; x_wconf 76' lang='grc'><strong>’</strong></span> <span class='ocrx_word' id='word_1_150' title='bbox 142 1822 956 1965; x_wconf 59' lang='lat' dir='ltr'><strong>:ttriuiutziuglissilu&#39;{llll}illitu?</strong></span> 
     </span>
     <span class='ocr_line' id='line_1_25' title="bbox 142 1962 658 2030; baseline 0.002 -16"><span class='ocrx_word' id='word_1_151' title='bbox 142 1968 182 2027; x_wconf 86' lang='lat' dir='ltr'><strong>ta,</strong></span> <span class='ocrx_word' id='word_1_152' title='bbox 192 1963 220 2014; x_wconf 89' lang='lat' dir='ltr'><strong>in</strong></span> <span class='ocrx_word' id='word_1_153' title='bbox 231 1963 331 2030; x_wconf 78' lang='lat' dir='ltr'><strong>vulgus</strong></span> <span class='ocrx_word' id='word_1_154' title='bbox 341 1963 459 2015; x_wconf 71' lang='lat' dir='ltr'><strong>adverso</strong></span> <span class='ocrx_word' id='word_1_155' title='bbox 470 1962 658 2017; x_wconf 76' lang='lat' dir='ltr'><strong>rumorcfuia</strong></span> 
     </span>
    </p>

    <p class='ocr_par' dir='ltr' id='par_1_7' title="bbox 68 2030 955 2311">
     <span class='ocr_line' id='line_1_26' title="bbox 93 2030 955 2099; baseline 0.001 -16"><span class='ocrx_word' id='word_1_156' title='bbox 93 2073 95 2076; x_wconf 92' lang='lat'><strong>.</strong></span> <span class='ocrx_word' id='word_1_157' title='bbox 194 2030 311 2085; x_wconf 84' lang='lat' dir='ltr'><strong>xxvu.</strong></span> <span class='ocrx_word' id='word_1_158' title='bbox 345 2032 432 2084; x_wconf 76' lang='lat' dir='ltr'><strong>Haud</strong></span> <span class='ocrx_word' id='word_1_159' title='bbox 440 2030 556 2099; x_wconf 82' lang='lat' dir='ltr'><strong>perinde</strong></span> <span class='ocrx_word' id='word_1_160' title='bbox 564 2032 594 2093; x_wconf 83' lang='lat' dir='ltr'><strong>id</strong></span> <span class='ocrx_word' id='word_1_161' title='bbox 605 2033 737 2085; x_wconf 84' lang='lat' dir='ltr'><strong>damnum</strong></span> <span class='ocrx_word' id='word_1_162' title='bbox 745 2031 914 2087; x_wconf 74' lang='lat' dir='ltr'><strong>Vitellianos</strong></span> <span class='ocrx_word' id='word_1_163' title='bbox 924 2032 955 2084; x_wconf 90' lang='lat' dir='ltr'><strong>in</strong></span> 
     </span>
     <span class='ocr_line' id='line_1_27' title="bbox 142 2100 953 2171; baseline -0.002 -16"><span class='ocrx_word' id='word_1_164' title='bbox 142 2105 249 2155; x_wconf 88' lang='lat' dir='ltr'><strong>metum</strong></span> <span class='ocrx_word' id='word_1_165' title='bbox 267 2100 412 2167; x_wconf 81' lang='lat' dir='ltr'><strong>compulit,</strong></span> <span class='ocrx_word' id='word_1_166' title='bbox 440 2117 523 2170; x_wconf 88' lang='lat' dir='ltr'><strong>quam</strong></span> <span class='ocrx_word' id='word_1_167' title='bbox 542 2103 580 2155; x_wconf 87' lang='lat' dir='ltr'><strong>ad</strong></span> <span class='ocrx_word' id='word_1_168' title='bbox 599 2103 765 2157; x_wconf 77' lang='lat' dir='ltr'><strong>modestiam</strong></span> <span class='ocrx_word' id='word_1_169' title='bbox 784 2104 953 2171; x_wconf 82' lang='lat' dir='ltr'><strong>composuit:</strong></span> 
     </span>
     <span class='ocr_line' id='line_1_28' title="bbox 138 2169 953 2243; baseline 0.001 -20"><span class='ocrx_word' id='word_1_170' title='bbox 138 2185 196 2243; x_wconf 82' lang='lat' dir='ltr'><strong>nec</strong></span> <span class='ocrx_word' id='word_1_171' title='bbox 215 2169 306 2223; x_wconf 80' lang='lat' dir='ltr'><strong>colum</strong></span> <span class='ocrx_word' id='word_1_172' title='bbox 325 2171 401 2237; x_wconf 83' lang='lat' dir='ltr'><strong>apud</strong></span> <span class='ocrx_word' id='word_1_173' title='bbox 422 2172 581 2237; x_wconf 79' lang='lat' dir='ltr'><strong>Caecinam,</strong></span> <span class='ocrx_word' id='word_1_174' title='bbox 599 2174 648 2241; x_wconf 90' lang='lat' dir='ltr'><strong>qui</strong></span> <span class='ocrx_word' id='word_1_175' title='bbox 666 2174 776 2241; x_wconf 86' lang='lat' dir='ltr'><strong>eulpam</strong></span> <span class='ocrx_word' id='word_1_176' title='bbox 791 2173 822 2227; x_wconf 84' lang='lat' dir='ltr'><strong>in</strong></span> <span class='ocrx_word' id='word_1_177' title='bbox 842 2172 953 2225; x_wconf 82' lang='lat' dir='ltr'><strong>militem</strong></span> 
     </span>
     <span class='ocr_line' id='line_1_29' title="bbox 68 2238 954 2311; baseline 0.002 -18"><span class='ocrx_word' id='word_1_178' title='bbox 68 2273 71 2278; x_wconf 78' lang='lat'><em>,</em></span> <span class='ocrx_word' id='word_1_179' title='bbox 144 2239 316 2303; x_wconf 84' lang='lat' dir='ltr'><strong>conferebat,</strong></span> <span class='ocrx_word' id='word_1_180' title='bbox 323 2238 461 2298; x_wconf 63' lang='lat' dir='ltr'><strong>notitioni</strong></span> <span class='ocrx_word' id='word_1_181' title='bbox 478 2241 569 2311; x_wconf 73' lang='lat' dir='ltr'><strong>magio</strong></span> <span class='ocrx_word' id='word_1_182' title='bbox 588 2256 669 2309; x_wconf 75' lang='lat' dir='ltr'><strong>quam</strong></span> <span class='ocrx_word' id='word_1_183' title='bbox 684 2242 789 2311; x_wconf 82' lang='lat' dir='ltr'><strong>proelio</strong></span> <span class='ocrx_word' id='word_1_184' title='bbox 805 2250 954 2311; x_wconf 65' lang='lat' dir='ltr'><strong>paratam</strong></span> 
     </span>
    </p>
   </div>
   <div class='ocr_carea' id='block_1_7' title="bbox 40 2309 954 2379">
    <p class='ocr_par' dir='ltr' id='par_1_8' title="bbox 40 2309 954 2379">
     <span class='ocr_line' id='line_1_30' title="bbox 40 2309 954 2379; baseline 0.002 -16"><span class='ocrx_word' id='word_1_185' title='bbox 40 2317 42 2322; x_wconf 88' lang='lat'>&#39;</span> <span class='ocrx_word' id='word_1_186' title='bbox 143 2309 224 2363; x_wconf 84' lang='lat' dir='ltr'><strong>Fabii</strong></span> <span class='ocrx_word' id='word_1_187' title='bbox 234 2325 345 2379; x_wconf 89' lang='lat' dir='ltr'><strong>quoque</strong></span> <span class='ocrx_word' id='word_1_188' title='bbox 356 2309 484 2363; x_wconf 83' lang='lat' dir='ltr'><strong>Valentia</strong></span> <span class='ocrx_word' id='word_1_189' title='bbox 494 2314 592 2379; x_wconf 81' lang='lat' dir='ltr'><strong>copiae</strong></span> <span class='ocrx_word' id='word_1_190' title='bbox 607 2315 675 2375; x_wconf 90' lang='lat' dir='ltr'><strong>(iam</strong></span> <span class='ocrx_word' id='word_1_191' title='bbox 686 2315 759 2379; x_wconf 79' lang='lat' dir='ltr'><strong>enim</strong></span> <span class='ocrx_word' id='word_1_192' title='bbox 770 2314 897 2367; x_wconf 85' lang='lat' dir='ltr'><strong>Ticinum</strong></span> <span class='ocrx_word' id='word_1_193' title='bbox 906 2328 954 2365; x_wconf 86' lang='lat' dir='ltr'><strong>re·</strong></span> 
     </span>
    </p>
   </div>
   <div class='ocr_carea' id='block_1_8' title="bbox 59 2376 952 2451">
    <p class='ocr_par' dir='ltr' id='par_1_9' title="bbox 59 2376 952 2451">
     <span class='ocr_line' id='line_1_31' title="bbox 59 2376 952 2451; baseline 0.002 -20"><span class='ocrx_word' id='word_1_194' title='bbox 59 2398 61 2406; x_wconf 65' lang='grc'>’</span> <span class='ocrx_word' id='word_1_195' title='bbox 142 2382 236 2442; x_wconf 77' lang='lat' dir='ltr'><strong>uerat)</strong></span> <span class='ocrx_word' id='word_1_196' title='bbox 246 2382 339 2447; x_wconf 82' lang='lat' dir='ltr'><strong>posito</strong></span> <span class='ocrx_word' id='word_1_197' title='bbox 352 2376 475 2433; x_wconf 81' lang='lat' dir='ltr'><strong>hostium</strong></span> <span class='ocrx_word' id='word_1_198' title='bbox 485 2387 656 2448; x_wconf 88' lang='lat' dir='ltr'><strong>contemptu,</strong></span> <span class='ocrx_word' id='word_1_199' title='bbox 674 2388 704 2435; x_wconf 87' lang='lat' dir='ltr'><strong>ot</strong></span> <span class='ocrx_word' id='word_1_200' title='bbox 713 2382 896 2451; x_wconf 83' lang='lat' dir='ltr'><strong>recuperandi</strong></span> <span class='ocrx_word' id='word_1_201' title='bbox 905 2380 952 2434; x_wconf 80' lang='lat' dir='ltr'><strong>(le-</strong></span> 
     </span>
    </p>
   </div>
   <div class='ocr_carea' id='block_1_9' title="bbox 55 2450 948 2520">
    <p class='ocr_par' dir='ltr' id='par_1_10' title="bbox 55 2450 948 2520">
     <span class='ocr_line' id='line_1_32' title="bbox 55 2450 948 2520; baseline 0.004 -20"><span class='ocrx_word' id='word_1_202' title='bbox 55 2465 58 2472; x_wconf 71' lang='lat'><strong><em>¹</em></strong></span> <span class='ocrx_word' id='word_1_203' title='bbox 142 2452 216 2501; x_wconf 85' lang='lat' dir='ltr'><strong>coria</strong></span> <span class='ocrx_word' id='word_1_204' title='bbox 232 2450 370 2515; x_wconf 81' lang='lat' dir='ltr'><strong>cupidine,</strong></span> <span class='ocrx_word' id='word_1_205' title='bbox 386 2452 562 2502; x_wconf 80' lang='lat' dir='ltr'><strong>reverentius</strong></span> <span class='ocrx_word' id='word_1_206' title='bbox 581 2459 611 2504; x_wconf 86' lang='lat' dir='ltr'><strong>ct</strong></span> <span class='ocrx_word' id='word_1_207' title='bbox 628 2452 855 2520; x_wconf 75' lang='lat' dir='ltr'><strong>aequaliusliuci</strong></span> <span class='ocrx_word' id='word_1_208' title='bbox 872 2466 948 2519; x_wconf 87' lang='lat' dir='ltr'><strong>pare-</strong></span> 
     </span>
    </p>
   </div>
   <div class='ocr_carea' id='block_1_10' title="bbox 140 2509 952 2726">
    <p class='ocr_par' dir='ltr' id='par_1_11' title="bbox 140 2509 952 2726">
     <span class='ocr_line' id='line_1_33' title="bbox 141 2509 952 2589; baseline 0.004 -19"><span class='ocrx_word' id='word_1_209' title='bbox 141 2519 219 2572; x_wconf 88' lang='lat' dir='ltr'><strong>bant.</strong></span> <span class='ocrx_word' id='word_1_210' title='bbox 233 2512 241 2529; x_wconf 87' lang='lat'><em>&#39;</em></span> <span class='ocrx_word' id='word_1_211' title='bbox 253 2518 355 2571; x_wconf 78' lang='lat' dir='ltr'><strong>Gravia</strong></span> <span class='ocrx_word' id='word_1_212' title='bbox 365 2517 490 2587; x_wconf 88' lang='lat' dir='ltr'><strong>alioquin</strong></span> <span class='ocrx_word' id='word_1_213' title='bbox 499 2509 602 2572; x_wconf 75' lang='lat' dir='ltr'><strong>seditio</strong></span> <span class='ocrx_word' id='word_1_214' title='bbox 613 2528 767 2586; x_wconf 82' lang='lat' dir='ltr'><strong>exarserat,</strong></span> <span class='ocrx_word' id='word_1_215' title='bbox 778 2536 862 2589; x_wconf 89' lang='lat' dir='ltr'><strong>quam</strong></span> <span class='ocrx_word' id='word_1_216' title='bbox 872 2521 952 2573; x_wconf 89' lang='lat' dir='ltr'><strong>altio·</strong></span> 
     </span>
     <span class='ocr_line' id='line_1_34' title="bbox 140 2589 951 2661; baseline 0.004 -23"><span class='ocrx_word' id='word_1_217' title='bbox 140 2602 173 2641; x_wconf 86' lang='lat' dir='ltr'><strong>re</strong></span> <span class='ocrx_word' id='word_1_218' title='bbox 183 2589 263 2640; x_wconf 85' lang='lat' dir='ltr'><strong>initio</strong></span> <span class='ocrx_word' id='word_1_219' title='bbox 274 2589 460 2657; x_wconf 78' lang='lat' dir='ltr'><strong>(nequeenim</strong></span> <span class='ocrx_word' id='word_1_220' title='bbox 471 2602 566 2642; x_wconf 83' lang='lat' dir='ltr'><strong>rerum</strong></span> <span class='ocrx_word' id='word_1_221' title='bbox 575 2603 593 2639; x_wconf 88' lang='lat' dir='ltr'><strong>a</strong></span> <span class='ocrx_word' id='word_1_222' title='bbox 600 2591 719 2641; x_wconf 80' lang='lat' dir='ltr'><strong>Caecina</strong></span> <span class='ocrx_word' id='word_1_223' title='bbox 728 2596 871 2661; x_wconf 83' lang='lat' dir='ltr'><strong>gestarum</strong></span> <span class='ocrx_word' id='word_1_224' title='bbox 881 2589 951 2641; x_wconf 82' lang='lat' dir='ltr'><strong>ordi·</strong></span> 
     </span>
     <span class='ocr_line' id='line_1_35' title="bbox 142 2658 947 2726; baseline 0.01 -23"><span class='ocrx_word' id='word_1_225' title='bbox 142 2672 207 2708; x_wconf 80' lang='lat' dir='ltr'><strong>acm</strong></span> <span class='ocrx_word' id='word_1_226' title='bbox 218 2658 384 2725; x_wconf 86' lang='lat' dir='ltr'><strong>interrumpi</strong></span> <span class='ocrx_word' id='word_1_227' title='bbox 394 2661 571 2725; x_wconf 83' lang='lat' dir='ltr'><strong>oportuerat)</strong></span> <span class='ocrx_word' id='word_1_228' title='bbox 583 2666 715 2726; x_wconf 86' lang='lat' dir='ltr'><strong>repetam.</strong></span> <span class='ocrx_word' id='word_1_229' title='bbox 753 2659 889 2713; x_wconf 80' lang='lat' dir='ltr'><strong>Cohortee</strong></span> <span class='ocrx_word' id='word_1_230' title='bbox 897 2658 947 2711; x_wconf 79' lang='lat' dir='ltr'><strong>aa·</strong></span> 
     </span>
    </p>
   </div>
   <div class='ocr_carea' id='block_1_11' title="bbox 0 0 1024 3025">
    <p class='ocr_par' dir='ltr' id='par_1_12' title="bbox 0 0 1024 3025">
     <span class='ocr_line' id='line_1_36' title="bbox 0 0 1024 3025; baseline 0 0"><span class='ocrx_word' id='word_1_231' title='bbox 0 0 1024 3025; x_wconf 95' lang='lat' dir='ltr'><strong> </strong></span> 
     </span>
    </p>
   </div>
  </div>
 </body>
</html>
