2034 3025
106 133 110 148 ⁸
147 115 198 168 324
266 108 492 169 ANNALIVM
514 110 561 178 [A.
570 109 604 162 V.
614 112 676 166 813.'
693 109 725 162 A.
736 109 767 162 C.
779 109 832 176 fio]

146 219 242 291 gestus
258 220 409 287 modosque
424 217 499 271 haud
509 217 614 275 viriles.
649 218 723 280 Quin
739 222 767 269 et
778 216 900 269 feminae
910 221 952 270 in,

145 292 250 344 lustres
260 289 396 342 deformia
407 287 546 339 meditat-i:
558 292 754 354 exstructaque
759 286 833 353 apud
843 302 953 352 nemus,

81 360 85 372 ¹
147 359 223 428 quod
234 359 323 410 navali
334 363 433 424 stagno
444 357 642 421 circumposuit
651 356 804 422 Augustus,
834 371 953 408 eonven-

147 429 235 480 tieula
250 434 278 479 et
288 441 429 494 cauponae
446 431 475 478 et
485 426 576 491 posita
589 439 660 475 neno
670 426 850 495 inritamenta
860 425 952 476 luxus.

148 498 342 563 dabanturque
352 498 451 562 stipes,
469 509 539 561 quas
550 495 800 557 bonineeessitatc,
819 495 954 560 intempe-

148 572 245 618 rantes
255 566 345 632 gloria
354 568 558 616 consumerent.
593 563 661 615 Inde
677 563 796 630 gliscere
806 561 915 630 flagitia
925 568 955 614 ei

148 635 277 697 infumia3
301 649 352 684 nee
361 633 420 683 ulla
430 632 554 684 moribus
564 635 700 696 corruptis
712 635 777 686 olim
789 632 852 697 plus
863 632 954 683 libidi-

148 719 216 756 num
228 702 423 764 circumdedit,
443 701 586 768 quamille
596 697 743 754 contundes.
780 702 835 753 Vix
846 702 956 752 artibus

148 772 274 825 honestis
285 770 375 837 pudor
384 772 535 822 retinetur:
547 771 658 834 nedum,
668 771 744 821 inter
753 771 909 820 certamina
916 772 956 820 vi-

149 843 266 904 tiorum,
295 838 429 906 pudicitia
440 845 490 893 ant
503 839 641 890 modestia
655 844 705 889 eut
714 838 863 906 quidquam
873 840 955 905 probi

150 912 237 964 moris
247 913 448 961 reservuretur.
483 908 631 960 Postremo
646 908 706 975 ipse
718 922 830 959 scenam
841 908 956 969 incedit,

150 980 241 1032 multa
260 991 325 1028 cura
334 983 450 1032 tentans
463 977 600 1029 citharam
615 981 645 1028 et
660 976 867 1042 praemeditans
884 977 956 1028 adsi-

128 1049 297 1100 ·-stentibns
333 1046 430 1098 Facies
441 1053 611 1111 accesserat,
629 1045 728 1098 cohors
739 1046 869 1109 militum,
887 1047 955 1096 Gen-

151 1119 278 1169 turiones
288 1116 459 1184 Tribunique
477 1121 507 1168 et
520 1130 654 1168 moerens,
661 1117 766 1167 Burrus
781 1129 814 1167 ac
827 1114 955 1166 laudans.

153 1187 285 1253 Tuncque
305 1185 423 1252 primum
442 1186 592 1252 conscripti
611 1190 676 1236 sunt
693 1185 811 1254 Equites
828 1183 956 1247 Romani,

154 1259 339 1322 cognomento
348 1253 581 1323 Augustanorum,
596 1258 689 1306 aetate
700 1269 733 1308 ec
741 1256 842 1306 robore
852 1255 956 1319 conspi-

154 1326 213 1388 cui,
236 1331 265 1376 et
275 1337 339 1390 pars
348 1324 460 1391 ingenio
472 1337 619 1389 procaces,
646 1323 694 1374 alii
705 1325 734 1375 in
745 1339 794 1391 spe
804 1324 955 1390 potentiae.

153 1395 193 1448 Hi
208 1394 268 1446 dies
283 1407 315 1444 ac
325 1390 578 1459 noctes-plausibus
589 1394 869 1459 personarc‚formam
879 1391 956 1443 Prin-

156 1464 224 1532 cipis
238 1477 388 1531 vocemque
398 1462 490 1515 Deum
504 1461 647 1517 vocabulis
661 1463 850 1530 adpellantes:
878 1461 959 1531 quesi

154 1548 206 1602 per
214 1534 345 1585 virtutem
356 1532 425 1599 clari
434 1532 619 1605 honoratique
629 1548 720 1602 agere.
752 1554 757 1562 ·
936 1530 943 1536 '

208 1602 282 1655 xvi.
299 1602 342 1655 Ne
357 1608 451 1671 tamen
466 1603 590 1655 ludicrae
604 1607 711 1653 tantum
722 1601 904 1669 imperatoris
914 1616 959 1652 ar·

155 1678 198 1723 tes
208 1676 396 1735 notescerent,
423 1674 574 1724 carminum
583 1686 693 1738 quoque
703 1670 959 1721 studiumadiecto·

155 1741 209 1801 vit,
242 1743 406 1803 contractis,
440 1741 539 1807 quibus
558 1740 652 1806 aliqua
671 1739 810 1805 pangendi
829 1737 961 1791 facultas

158 1806 291 1860 Necdum
307 1810 423 1875 insignis
441 1808 623 1868 aetatisnati,
650 1804 902 1867 consider-esimui,
931 1814 962 1865 et

157 1875 267 1929 edlatos
276 1878 321 1929 vei
330 1877 431 1929 ibidem
441 1882 567 1941 repertos
577 1889 673 1925 versus
683 1880 858 1937 connectere,
874 1880 961 1944 atque

155 1944 244 2012 ipsius
253 1947 347 2007 verba,
358 1959 468 2025 quoquo
478 1943 558 1996 modo
569 1943 688 2010 prolata,
708 1944 846 2011 supplere.
882 1947 961 2012 quod

157 2016 337 2081 speciesipsa
345 2026 497 2063 carminum
509 2012 600 2074 docet,
610 2027 665 2063 non
676 2014 773 2079 inpetu
783 2014 961 2079 etinstinctu,

118 2118 122 2127 c
156 2096 209 2134 nec
229 2096 278 2134 ore
297 2095 354 2132 uno
372 2079 471 2133 fluens.
516 2081 608 2133 Etiam
627 2083 779 2150 sapientiae
798 2083 967 2137 doctoribus¹

156 2154 267 2216 tempus
276 2148 444 2218 inpertiebat
453 2156 517 2218 post
527 2150 690 2218 epulas,·ut
698 2154 839 2205 contraria
848 2152 961 2206 adseve-

156 2220 284 2270 rentium
298 2218 454 2273 discordiae
474 2227 649 2276 cruerentur.
683 2236 736 2274 nec
755 2221 886 2287 deerunt,
911 2225 962 2291 qui

158 2288 349 2408 orcvultqque
358 2290 433 2341 tristi
443 2291 518 2345 inter
528 2291 734 2366 oblectamenta
742 2292 960 2361 Regiespectari

157 2370 299 2423 ouperen.
539 2388 542 2393 -
652 2401 654 2404 .
957 2381 960 2385 Α

210 2425 298 2480 xvii.
317 2424 374 2480 Sub
388 2428 461 2482 idem
470 2436 595 2499 tempus,
622 2430 679 2485 levi
689 2434 869 2485 contentione
878 2435 962 2483 atr-ox

159 2493 260 2547 caedes
271 2501 343 2561 orta,
351 2498 426 2553 inter
435 2499 963 2568 colonosNucerinosPompeianosque,
997 2503 1001 2514 ¹

59 2572 63 2577 ·
159 2563 502 2635 gladiatoriospectseulo,
513 2570 732 2638 quodLivineius
740 2570 870 2639 Regulus,
880 2584 963 2638 quem

159 2639 266 2687 motum
278 2634 383 2691 senatu
394 2639 490 2705 retuli,
517 2637 630 2693 edebetae
662 2643 764 2711 qnippe
779 2638 917 2709 oppidana
926 2638 971 2692 isa
