2034 3025
168 128 217 182 us
250 128 555 185 maronianum
572 126 730 196 suumn
748 132 781 183 s.
793 132 824 187 c.
836 134 900 206 7o.]

142 212 974 307 murmurum
1013 282 1014 295 .

163 306 262 373 egredi
272 308 392 368 moenia,
401 321 494 373 neque
503 305 658 373 periculum
668 308 697 357 in
705 314 807 374 aperto
815 310 974 363 audebant.
1013 330 1014 335 ¹

163 374 311 438 Praeerat,
329 376 699 443 utsupramemoravimus,
724 378 857 429 lulianus
868 380 975 447 gladia-

163 445 286 507 toribus,
313 445 483 511 Apollinaris
499 444 661 511 remigibus.
696 446 817 497 lascivia
826 449 977 501 socordia-

164 530 219 583 que
229 515 416 583 gladiatorum
427 515 532 580 magis,
553 528 635 580 quam
647 513 756 565 Ducum
767 514 897 583 similos,
919 534 974 571 non

162 582 861 719 liliatamlllslillsll”sibillae
883 593 974 706 llil
1013 626 1014 709 J

108 734 113 746 ⁸
163 722 310 773 elaterium
319 722 401 773 luxus
412 722 549 787 dispersis
559 720 704 783 militibus,
723 720 847 772 debello
860 728 971 776 tantum

163 790 239 841 iuter
252 792 379 841 convivia
394 791 589 858 loquebantur.
625 788 732 841 leucos
747 795 816 858 ante
833 791 900 843 dies
920 794 972 845 dis·

156 863 287 909 cernuat
296 860 412 924 Apinius
420 861 503 924 Tiror
532 858 668 928 donisque
682 874 715 911 ac
728 860 858 925 pecuniis
870 864 971 915 acerbe

141 935 148 940 ’
161 941 213 993 per
222 928 373 994 municipia
381 924 598 994 conquirendis,
627 927 690 994 plus
701 928 824 979 invidiae
837 924 927 996 quam
937 933 970 981 si·

161 996 235 1047 rium
245 998 371 1061 partibus
382 997 512 1050 addebat.

214 1066 352 1119 Lxxvu.
370 1068 487 1119 laterior
503 1065 540 1117 ad
549 1065 581 1117 1..
592 1066 739 1120 Vitellium
755 1080 858 1118 servus
870 1068 971 1137 Vergi-

161 1134 201 1185 nii
213 1137 358 1202 Capitonis
369 1136 506 1203 perfugit,
535 1135 745 1203 pollicitusque,
765 1136 790 1186 rs'
795 1137 970 1201 praesidium

159 1203 306 1272 acciperet,
323 1220 436 1257 vacuam
446 1218 537 1256 arcem
547 1204 767 1279 tradiflstarum,
781 1205 878 1257 multa
887 1214 970 1257 nocte

160 1272 293 1326 cobortes
303 1273 466 1339 expeditas,
491 1273 607 1323 summis
618 1275 754 1325 montium
766 1274 860 1340 iugis,
884 1290 971 1343 super

73 1395 77 1403 ,
160 1349 244 1411 caput
253 1343 377 1395 bostium
387 1344 472 1395 sistit.
507 1343 573 1394 inde
589 1342 722 1393 milesad
737 1343 855 1393 eaedem
868 1348 970 1413 magis,
1015 1388 1016 1425 ,

159 1430 243 1483 quam
253 1414 289 1467 ad
298 1426 419 1483 pugnam
430 1412 566 1463 decurrit.
602 1416 735 1463 sternunt
748 1413 892 1475 inermes,
922 1419 971 1465 aut
1015 1426 1016 1469 5

159 1498 239 1538 arma
247 1486 401 1551 capientes,
411 1487 442 1535 et
451 1481 587 1550 quosdam
598 1494 697 1533 somno
709 1482 832 1544 excitos3
855 1496 922 1534 cum
932 1489 973 1536 te·
1015 1476 1016 1560 l

158 1556 263 1618 nebris,
277 1569 393 1622 pavore,
407 1556 502 1605 sonitu
514 1551 785 1614 tubarum‚,clamoro
795 1549 897 1602 hostili
908 1558 971 1603 tur·
1015 1567 1016 1634 p

157 1624 303 1680 barentur.
338 1624 424 1676 Pauci
444 1621 632 1689 gladiatorum
653 1621 839 1682 resistentes,
875 1636 973 1690 neque

156 1692 390 1754 inulti,aecidere.
416 1692 504 1743 ceteri
515 1689 550 1742 ad
560 1703 645 1742 naves
655 1690 785 1750 ruebant,
803 1688 855 1739 ubi
866 1697 976 1743 cuncta

156 1764 218 1829 pari
238 1762 392 1817 formidine
405 1761 631 1828 inplicabantur,
666 1757 814 1826 permixtis
836 1762 976 1827 paganis,

157 1847 230 1900 quos
248 1832 327 1883 nullo
346 1831 507 1884 discrimine
521 1827 668 1882 Vitelliani
687 1826 882 1880 trucidabant.
914 1829 976 1882 Sex

157 1902 327 1954 Liburnicae
336 1901 413 1952 inter
421 1901 541 1966 primum
552 1897 839 1959 tumultumevasere,
860 1899 891 1947 in
905 1901 976 1966 quis

158 1969 323 2022 Praefectus
333 1970 432 2021 elassis
441 1967 623 2033 Apollinaris:
647 1965 772 2032 reliquae
782 1967 812 2015 in
821 1965 918 2019 litore
929 1983 976 2020 ea-

158 2045 239 2106 pter,
265 2042 316 2087 aut
329 2040 416 2088 nimio
427 2037 571 2086 ruentium
586 2049 673 2086 onere
683 2049 796 2100 pressas
807 2049 887 2086 mare
901 2035 977 2088 bau-

158 2107 206 2158 sit.
238 2107 364 2157 lulianus
374 2106 411 2156 ad
420 2105 452 2155 1..
462 2102 605 2160 Vitellium
616 2103 780 2169 perductus,
801 2107 830 2154 et
839 2105 977 2166 verberi.

157 2178 211 2229 bus
227 2174 372 2236 foedatus,
401 2174 496 2224 inore
513 2173 573 2224 eius
589 2174 743 2240 iugulatur.
777 2171 886 2235 Fuere,
922 2178 975 2242 qui

157 2261 274 2301 uxorem
285 2244 318 2296 la
330 2243 437 2296 Vitellii
447 2242 588 2294 Triariam
602 2245 791 2303 incesserent,
817 2245 976 2310 tamquam

154 2316 250 2386 gladio
263 2311 500 2375 militarieineta,
526 2309 711 2366 interlunium
726 2310 866 2376 cladesque
881 2328 978 2380 expu·
1015 2317 1016 2342 ³

154 2392 259 2452 gratae
272 2381 457 2443 Tarracinae,
484 2379 597 2452 superbe
611 2396 738 2447 saeveque
753 2378 862 2447 egisset.
901 2382 975 2448 lpse

155 2453 280 2502 lauream
292 2455 392 2515 gestae
402 2461 536 2513 prospere
548 2447 590 2498 rei
604 2448 640 2498 ad
651 2447 768 2498 fratrem
779 2448 870 2497 misit:
902 2463 975 2514 per·

157 2523 322 2577 cunctatus,
346 2515 441 2569 statim
450 2514 560 2580 regredi
570 2528 611 2576 re,
630 2531 666 2568 aa
672 2514 873 2580 perdomandae
885 2514 976 2569 Cam·

155 2583 394 2648 paas'aeiars'etere
407 2581 521 2632 iuberet.
558 2581 639 2641 Quod
653 2583 778 2638 salutare
799 2595 857 2635 non
878 2587 977 2637 modo

156 2653 284 2712 partibus
294 2649 475 2714 Vespasiani,
494 2647 546 2698 sed
555 2647 733 2713 Reipublicae
743 2649 806 2701 fuit.
843 2665 929 2716 nam,
949 2655 978 2704 si
