2034 3025
147 125 197 188 lbd,
262 119 489 177 'ANNALIVM
508 120 552 189 [Α.
563 123 596 175 V.
608 139 665 189 777.
685 120 717 172 d.
729 122 758 175 C.
770 118 825 190 ab]
918 172 920 175 .

143 234 267 283 miserat.
304 231 427 296 cognitis
447 228 548 279 dehinc
568 228 718 289 Ptolemaei
733 230 824 294 perid
843 229 952 281 bellum

144 300 254 361 studiis,
272 300 407 363 repetitus
417 312 452 349 ex
463 301 573 349 vetusto
585 312 652 361 mos,
672 298 826 365 missusque
837 313 853 349 a
864 294 952 350 Sena-

143 369 261 429 toribus,
279 368 326 435 qui
336 368 488 432 scipionem
499 367 647 427 chamum,
666 372 760 434 togam
771 367 884 433 pictam,
902 382 953 417 an-

145 440 224 504 tiqua
243 435 356 487 Patrum
375 450 500 498 munera,
520 435 607 499 daret,
622 434 831 505 Regnaqueet
849 434 964 489 sociata·

146 515 228 575 atque
238 504 354 555 ammom
364 503 530 570 adpellaret.

199 573 311 626 xxvii.
331 573 436 627 Eadem
452 579 560 624 aestate
570 578 648 624 mota
661 566 712 639 'per
722 572 831 625 ltaliam
842 574 952 627 servilis

146 644 212 696 belli
223 645 330 694 semina
340 641 399 692 fors
408 645 554 708 oppressit.
576 643 681 694 Auctor
690 642 827 692 tumultus
837 643 870 693 T.
883 642 952 694 Cur·

147 715 243 773 tisius,
267 712 404 777 quondam
423 713 582 776 praetoriae
603 710 725 762 cohortis
744 711 836 773 miles,
861 713 953 777 primo

149 782 274 834 coetibus
285 779 476 841 clandestinis,
497 780 570 845 apud
581 778 758 831 Brundisium
774 785 803 831 et
812 781 956 832 circumie-

149 856 195 903 cta
205 849 320 915 oppida,
340 864 404 899 mox
419 850 516 913 positis
529 849 671 915 propalam
683 848 783 901 libellis
794 848 830 899 ad
840 849 955 900 liberta·

149 925 207 971 tem
217 919 333 969 vocabat
342 918 465 985 agrestia
474 931 525 982 per
533 917 698 983 longinquos
710 917 799 968 saltus
809 923 837 969 et
848 912 956 969 ferocia

150 988 274 1039 servitia:
285 997 368 1047 cum,
382 985 459 1037 velut
468 1000 582 1041 munere
593 986 692 1048 Derim,
709 992 768 1051 tres
778 987 895 1040 biremes
906 982 955 1037 ad·

148 1055 247 1125 palere
257 1056 292 1106 ad
302 1070 368 1121 usus
378 1056 589 1106 commeantium
606 1053 655 1105 illo
667 1057 747 1105 mari.
781 1057 819 1107 Et
827 1060 888 1106 erat
908 1055 956 1105 iis·

150 1125 213 1179 dem
225 1126 385 1191 regionibus
395 1125 507 1174 Curtius
518 1124 611 1189 Lupus
623 1124 775 1186 Quaestor,
795 1124 837 1175 cui
847 1124 957 1189 provin·

151 1196 208 1255 cia,
228 1198 468 1255 vetereexmore,
487 1191 568 1243 Cales
583 1197 722 1243 evenerat
757 1193 798 1254 is,
820 1192 957 1258 disposita

150 1263 354 1328 classiariorum
366 1262 453 1327 copia,
473 1266 647 1326 coeptantem
659 1276 722 1311 cum
732 1262 851 1313 maxime
861 1261 956 1313 coniu-

150 1332 289 1384 rationem
312 1330 428 1382 disiecit.
472 1330 631 1396 Missusque
658 1344 674 1380 a
695 1330 814 1381 Caesare
834 1324 956 1397 prop'crc

150 1398 257 1463 Staius,
276 1401 493 1462 Tribunus,cum
509 1398 601 1449 valida
616 1413 700 1448 manu
709 1434 717 1459 ,
738 1396 845 1450 Ducem
855 1400 955 1465 ipsum,

147 1475 180 1524 et
188 1470 330 1537 proximos
341 1468 482 1530 audaciae,
493 1470 521 1518 in
533 1468 629 1520 urbem
640 1468 736 1530 traxit,
746 1466 956 1534 iamtrepidam,

151 1541 187 1592 ob
198 1540 402 1591 multitudinem
416 1537 599 1600 familiarum,
619 1552 690 1604 quae
703 1537 839 1604 gliscebat
848 1541 956 1606 inmeag

149 1625 221 1671 mm,
241 1611 347 1660 minore
358 1610 387 1658 in
398 1607 457 1658 dies
468 1606 547 1672 plebe
558 1608 686 1674 ingenua.
947 1625 948 1628 ¹

201 1676 328 1729 xxvur.
346 1676 446 1729 lisdem
462 1675 641 1737 Consulibus,
662 1675 837 1726 miseriarum
850 1688 955 1728 acsae·

149 1748 235 1798 vitiae
244 1745 398 1811 exemplum
414 1748 510 1805 atrox,
529 1758 593 1795 reus
603 1750 695 1808 pater,
715 1743 960 1808 accusatoriilius,

149 1830 251 1867 nomeu
266 1816 376 1880 utrique
393 1812 489 1863 Vibius
504 1811 638 1874 Serenus,
657 1813 685 1862 in
700 1811 833 1865 Senatum
847 1813 961 1882 inducti,

149 1890 224 1937 sunt.
261 1884 295 1935 ab
317 1881 401 1934 exilio
421 1886 573 1943 retractus,
592 1880 750 1948 inluvieque
770 1897 803 1933 ac
823 1882 956 1949 squalore

124 1950 126 1953 ’
151 1953 258 2005 obsitus
278 1956 307 2002 et
325 1957 383 2002 tum
405 1956 503 2002 catena
521 1953 628 2001 rinctus
649 1955 737 2016 pater,
767 1957 864 2002 orante
885 1947 971 2002 filio?

150 2020 338 2087 Praeparatus
345 2019 764 2082 adolescensmultismunditiis,
775 2020 957 2072 alacrivultu.

150 2097 272 2143 structor
282 2087 408 2156 Principii
417 2088 544 2151 insidias,
563 2088 655 2144 aristot
668 2086 698 2140 ia
711 2088 829 2140 Galliam
839 2087 958 2140 concito·

150 2173 194 2211 rer
204 2157 275 2220 terti,
284 2157 368 2209 index
378 2158 451 2210 idem
461 2165 492 2210 ‘et
501 2160 583 2210 testis
594 2147 715 2220 dicebat;
726 2156 958 2225 adnectebatque,

152 2225 301 2279 Caecilium
312 2225 476 2290 Cornutum,
494 2224 685 2290 Praetorium,
705 2225 901 2278 orinistrcoirre
908 2242 957 2293 pe·

150 2295 273 2351 waiam.-
292 2297 440 2363 quitaedro
451 2311 589 2358 curarum,
610 2301 647 2358 et,
666 2295 892 2362 quispericulum
903 2309 957 2362 pro

150 2367 236 2418 exitio
251 2359 420 2429 habebatur,
439 2372 557 2416 mortem
572 2367 601 2414 in
618 2380 648 2416 sc
659 2363 809 2416 festinavit.
843 2365 880 2417 st
891 2379 957 2415 cou-

149 2440 197 2486 tra
216 2449 280 2486 reus
301 2433 370 2484 nihil
388 2434 507 2487 infracto
528 2435 633 2496 animo,
658 2434 788 2484 obversus
809 2436 837 2484 in
856 2432 957 2498 filium,

150 2507 267 2572 quatere
277 2503 402 2567 vincula,
421 2499 730 2565 vocarealtorerDeor,
748 2501 958 2568 utsibiqnidem

149 2573 295 2636 redderent
302 2571 435 2634 exsilium,
445 2570 493 2622 ult
499 2571 597 2638 procul
605 2569 658 2621 toli
666 2587 738 2622 more
748 2579 853 2640 ageret,
860 2569 957 2640 filiam

150 2650 242 2697 caten
260 2642 417 2713 quandoque
435 2638 569 2710 supplicia
587 2648 771 2711 sequerentur.
806 2641 957 2695 Adserera·
