2034 3025
66 115 231 171 nrnxv.
253 95 472 167 cAP.24-—2d
492 109 636 179 [susq.
653 82 787 179 nobil]
806 110 859 165 sos

50 224 133 277 Satis
144 220 320 297 adprobatam
330 218 397 271 nim:
420 217 514 269 daturis
529 226 556 269 et
565 216 686 271 lenitatis
697 219 859 285 experimen·

49 303 121 344 tarn.
159 291 415 342 Neereruratnrom
429 286 586 348 Tiridaten,
604 287 857 354 accipiendodiode-
897 311 900 313 ·

49 362 125 413 moti
134 360 165 412 in
173 358 266 410 orbern
276 356 375 420 venire,
393 354 447 409 nisi
457 354 608 408 Sacerdotis*
618 356 747 423 religione
757 355 859 408 adtine-

49 438 144 481 retnr.
179 427 289 479 Iterum
307 426 436 495 adsigna
454 435 481 477 et
495 422 601 493 effigies
621 418 775 490 Principis,
803 424 859 485 obi,

50 495 207 568 legionibus
216 512 318 556 eoram,
335 493 461 563 Regnum
470 494 667 561 auspicaretur.

108 564 199 619 XXV.
218 564 335 615 Talibus
353 564 504 630 Vologesis
525 563 645 626 litteris,
673 564 739 631 quia
754 561 859 613 Paetus
921 560 924 569 '

53 635 180 698 diversa,
190 640 333 700 tamquam
344 633 568 699 rebus‘integris,
578 633 729 695 scribebat,
739 633 860 683 interross

46 704 302 774 gatusCenturio,
329 702 377 769 qui
388 716 449 752 curn
459 702 562 769 legatis
577 701 742 763 advenerat,
768 699 862 767 quoia

52 781 137 825 stato
147 769 276 823 Armenio
286 778 352 821 esset
358 771 375 820 ,θ’
396 785 484 823 omnes
493 770 558 822 inde
568 768 702 823 Romanos
713 769 861 831 exominse,

53 838 216 907 respondit.
253 841 325 889 Tum
335 838 478 891 intellecto
489 840 672 891 barbarorum
682 840 785 901 inrisu,
813 838 861 906 qui

54 914 204 978 peterent,
220 908 295 976 quod
306 910 476 976 eripuerant,
486 908 627 960 consuluit
637 909 713 959 inter
722 910 860 975 primores
910 927 916 934 ·

44 976 282 1039 civitatisNero,
304 976 398 1029 bellum
408 993 519 1043 anceps,
542 975 861 1044 aopoxinlrooertopln-

56 1046 152 1112 reret?
169 1059 221 1097 nec
231 1044 389 1098 dubitatum
398 1046 433 1098 de
443 1046 526 1097 bello.
562 1046 600 1097 Et
609 1046 739 1108 Corbulo,
756 1051 801 1097 tot
811 1059 873 1111 per,
908 1066 913 1070 ’

56 1130 151 1167 annos
160 1113 282 1166 militum
292 1119 375 1182 atque
389 1114 513 1182 hostiurn
523 1128 641 1183 gnarus,
668 1113 808 1183 gerendae
819 1116 861 1165 rei

57 1184 237 1253 praeficitur,
265 1199 300 1235 ne
311 1184 388 1235 euius
400 1184 516 1235 alterius
526 1185 639 1237 inscitia
646 1198 757 1235 rursum
768 1197 862 1250 pecca·

58 1258 155 1314 retur,
182 1250 336 1319 quiaPaeti
346 1253 484 1321 piguerat.
519 1251 609 1319 Igitur
624 1253 704 1322 inriti
714 1253 862 1304 remittun·
883 1248 887 1257 '

59 1328 120 1383 tur,
139 1335 201 1371 cum
210 1320 291 1371 donis
300 1327 405 1383 tamen,
420 1322 494 1373 unde
505 1337 569 1388 spes
580 1324 672 1387 fieret,
688 1338 744 1376 oon
756 1321 863 1381 frustra

61 1388 162 1462 eadem
172 1394 315 1441 oraturum
321 1391 477 1452 Tiridaten,
487 1391 512 1440 si
522 1396 622 1456 preces
630 1392 690 1457 ipse
702 1390 862 1441 adtulisset.
908 1390 909 1393 ’

62 1456 217 1526 Syriaeque
229 1459 372 1510 exsecutio
383 1460 488 1521 Cincio,
504 1460 601 1526 copiae
612 1458 748 1510 militares
760 1458 862 1509 Corbu·

60 1528 123 1579 loni
132 1529 301 1594 permissaes
320 1534 349 1581 et
360 1528 567 1595 quintadecima
575 1527 660 1594 legio,
674 1527 793 1579 ducente
803 1527 872 1587 Ma,

61 1597 108 1648 rio
124 1595 221 1660 Celso,
250 1611 266 1646 e
282 1596 427 1648 Pannonia
438 1597 553 1648 adiecta
568 1602 620 1646 est.
656 1593 795 1647 Scribitur
809 1596 863 1647 Te-

61 1662 183 1715 trarchis
199 1681 232 1718 ac
241 1663 378 1731 Regibus,
405 1664 615 1732 Praesentisque
630 1664 863 1716 etProcruatori·
958 1661 963 1666 “

62 1734 125 1796 bus,
133 1738 166 1785 et
176 1737 222 1802 qui
229 1731 396 1788 Praetorrun
405 1736 539 1789 finitimas
548 1734 704 1802 provincias
715 1734 863 1800 regebant,

63 1801 144 1854 inuio
159 1800 316 1854 Corbulonis
326 1803 447 1868 obsequi:
476 1805 506 1853 in
523 1809 633 1856 tantum
649 1800 738 1855 ferme
750 1802 862 1854 modum

64 1876 148 1923 aucta
164 1865 321 1938 potestate,
349 1888 431 1940 quem
441 1871 564 1938 Populus
573 1871 714 1926 Romanus
724 1873 772 1926 Cn.
784 1871 864 1924 Pom·
964 1893 965 1896 ¹
986 1895 987 1898 ¹

64 1940 139 2007 peio,
158 1941 262 1992 bellurn
273 1940 425 1992 Piraticum
436 1947 566 2008 gesturo,
585 1940 722 1995 dederat.x
746 1941 865 2008 Regres-

65 2023 125 2059 sum
137 2007 269 2071 Paetum,
287 2023 348 2060 cum
358 2012 490 2077 graviora
498 2015 650 2073 metueret,
670 2009 782 2062 facetiis
792 2013 866 2062 inse·

66 2079 136 2126 ctari
151 2075 461 2142 satishabuitcaesar,
491 2077 536 2130 his
552 2077 756 2132 termererbis=
785 2077 866 2147 Igno·

65 2144 292 2208 rcererertotim,
320 2164 352 2199 oe
362 2155 418 2201 tom
425 2156 565 2214 promptos
573 2147 603 2202 in
611 2164 736 2216 perorem
744 2147 865 2218 longiore
922 2152 927 2166 “

66 2213 431 2282 sollicitudineaegresceret.
684 2267 706 2274 ,,
788 2278 791 2283 ,
892 2231 901 2241 ’
926 2255 931 2260 -

118 2283 218 2336 XXVI.
237 2283 274 2334 At
283 2283 403 2336 Corbulo
419 2291 521 2352 quarta
531 2291 560 2338 et
576 2284 740 2340 duodecima
748 2285 878 2352 legionis

66 2353 131 2414 bus,
151 2367 236 2420 quae,
255 2349 412 2407 fortissimo
425 2368 535 2422 quoque
549 2356 652 2409 amisso
667 2359 697 2405 et
707 2357 809 2407 ceteris
822 2368 870 2404 ex·
924 2358 926 2362 '

66 2421 189 2484 territis,
218 2437 316 2488 parum
326 2421 434 2475 habiles
447 2422 555 2490 praelio
571 2423 750 2485 ridebantur,
774 2424 804 2474 in
816 2422 871 2489 Sy<
892 2470 896 2474 .

66 2492 138 2543 riam
155 2491 328 2554 translatis,
346 2499 454 2544 sextam
468 2491 534 2544 inde
549 2507 581 2543 ac
594 2492 710 2544 tertiam
729 2491 867 2561 legiones,

67 2563 209 2626 integrum
223 2561 341 2612 militem
357 2567 385 2612 et
400 2562 505 2613 crebris
521 2575 553 2612 ac
566 2560 709 2630 prosperis
725 2558 866 2613 laboribus

69 2628 237 2694 exercitum,
264 2631 294 2680 in
305 2631 464 2685 Armeniam
477 2630 563 2686 ducit.
598 2627 765 2698 addiditque
780 2628 866 2696 legio-
