2034 3025
112 95 246 159 frvnm
263 93 400 151 some.
419 93 521 148 vrrs
542 95 626 167 cnr.
640 70 741 150 raim.
785 95 840 151 am

48 207 76 254 et
84 200 208 262 amicitiis,
223 199 320 251 futura
331 198 471 266 effugisse.
507 199 589 262 Nam,
603 201 685 251 sicuti
696 199 798 250 durare
808 202 838 251 in

46 269 95 323 irae
102 270 248 321 beatissimi
258 269 364 321 saeculi
374 267 452 331 lnce,
472 283 505 321 ac
515 268 672 336 Principem
683 270 839 322 Traianum

45 340 138 402 videre,
152 337 273 408 quodam
282 339 400 406 augurio
409 339 537 405 votisque
548 339 622 405 apud
631 343 743 390 nostras
753 351 838 390 aures

46 409 219 462 ominabotur:
239 410 280 460 ita
300 408 450 460 festinatae
470 411 569 461 mortis
584 407 691 476 grande
704 408 838 462 solatium

43 477 112 542 tulit,
121 481 237 531 erasisse
245 483 419 546 postremum
429 478 500 530 illud
510 485 627 545 tempus,
637 492 692 546 quo
703 477 839 538 Domitia·

43 563 106 614 nus,
122 563 175 600 non
188 549 245 599 iam
262 562 313 616 per
327 547 481 601 intervalla
493 564 526 600 ac
540 550 713 616 spiramenta
732 552 840 614 tempo·

42 629 114 738 supr,
131 616 178 669 sed
187 619 320 672 continuo
331 622 361 671 et
371 617 450 671 velut
463 634 521 670 uno
536 620 609 682 ictu,
628 617 839 685 Rcmpublicarn

42 701 76 740 ex
95 688 171 738 ausit.
214 707 240 726 -·

90 755 170 810 XLV.
189 755 253 809 Non
271 754 495 826 viditldgricola
510 757 652 809 obsessam
667 757 791 818 curiam,
809 762 840 807 et

41 824 156 879 clausum
167 828 252 878 armis
263 825 410 890 Senatum,
426 832 455 880 et
465 823 562 880 eadem
573 833 669 895 strage
678 831 724 878 tot
735 825 841 878 Consu·

39 896 135 950 larium
146 897 258 962 caedes,
277 903 322 950 tot
335 897 573 949 nobilissimarum
589 896 756 949 feminarum
769 895 841 947 exsi-

38 966 76 1018 lia
87 971 114 1019 et
122 966 210 1035 fugas.
246 967 311 1020 Vna
325 965 416 1018 adhuc
428 968 550 1020 victoria
559 967 647 1018 Carus
658 969 764 1020 Metius
779 981 843 1018 cerr·

38 1037 157 1100 sebatur,
167 1041 197 1088 et
206 1038 282 1088 intra
291 1036 426 1087 Albanam
436 1049 529 1088 arcem
539 1038 684 1088 sententia
694 1034 841 1088 Messalini

38 1107 188 1172 strepebat,
199 1111 229 1156 et
238 1105 336 1157 Massa
345 1104 449 1155 Bobius
460 1106 516 1156 iam
526 1110 587 1155 tum
599 1119 665 1156 reus
674 1111 744 1156 erat.
770 1103 843 1156 Mox

37 1188 149 1227 nostrae
160 1175 265 1226 duxere
275 1172 437 1226 Helvidium
455 1174 485 1224 in
501 1187 642 1226 carcerem
658 1189 770 1227 manus:
789 1187 843 1224 nos

36 1244 153 1300 Maurici
164 1245 327 1311 Rusticique
342 1243 462 1308 divisus,
482 1259 535 1295 nos
549 1244 694 1296 innocenti
704 1244 853 1312 sanguine·

36 1312 153 1374 Senecio
176 1313 311 1382 perfudit.
358 1311 436 1365 Nero
456 1319 554 1365 tamen
574 1313 716 1365 subtraxit
736 1313 845 1375 oculos,

34 1384 170 1450 iussitque
181 1384 304 1446 scelera,
324 1397 382 1434 non
397 1384 546 1450 spectavit:
566 1385 715 1450 praecipua
723 1383 775 1434 sub
786 1383 845 1434 Do·

33 1453 153 1506 mitiano
163 1453 340 1517 miseriarum
351 1467 416 1521 pars
428 1451 605 1517 erat,videre
615 1452 845 1522 etadspicit'oum
866 1456 869 1461 “
969 1487 975 1502 .

34 1522 155 1590 suspiria
164 1529 262 1575 nostra
271 1523 527 1592 subscriberemus:
545 1538 608 1574 curo
620 1520 789 1575 denotandis
799 1527 847 1574 tot

34 1590 180 1645 hominum
195 1592 351 1659 palloribus
367 1592 510 1645 sufficeret
524 1608 624 1645 saeros
638 1591 689 1645 ille
703 1592 799 1643 vultus
815 1597 847 1642 ct

31 1660 134 1726 rubor,
156 1677 211 1729 quo
227 1677 258 1714 se
269 1669 370 1715 contra
385 1662 522 1731 pudorem
532 1664 686 1714 muniebat.
721 1663 846 1713 Turero

31 1732 114 1794 felix,
124 1731 265 1797 Agricola,
275 1733 414 1785 nonvitae
422 1738 534 1785 tantum
546 1732 687 1795 claritate,
697 1732 749 1783 sed
759 1733 856 1783 etiarn·

31 1802 250 1869 opportunitate
269 1803 370 1855 mortis
391 1805 436 1865 (ut
454 1801 619 1869 perhibent,
641 1803 689 1871 qui
708 1800 848 1853 interino·

29 1876 102 1923 runt
112 1872 274 1925 novissimis
287 1872 467 1927 sermonibus
482 1873 553 1932 tuis)
568 1878 702 1923 constans
713 1879 743 1925 et
752 1871 849 1925 libens
899 1904 903 1909 -
948 1940 951 1945 ,

27 1941 124 1993 fatum
136 1945 289 2009 excepisti;
308 1950 452 2012 tamquam
467 1957 521 2011 pro
536 1942 611 1993 virili
622 1942 755 2009 portione
765 1942 846 1992 inno·

26 2012 155 2063 centiam
167 2012 291 2081 Principi
302 2013 432 2067 donares.
469 2012 526 2065 Sed
536 2010 605 2063 mihi
615 2010 756 2079 filiaeque,
766 2025 847 2079 prae·

25 2088 76 2133 ter
87 2083 276 2135 acerbitatem
291 2084 418 2151 parentis
435 2084 541 2151 erepti,
561 2088 648 2150 auget
661 2082 845 2140 maestitiam,

24 2150 106 2219 quod
119 2150 252 2205 adsidere
262 2154 426 2217 valetudini,
437 2151 535 2207 fovere
546 2152 733 2214 deiicientem,
744 2149 844 2202 satiari

21 2221 119 2281 uultu,
142 2222 299 2289 complexu,
319 2239 376 2276 non
391 2224 522 2291 contigit.
543 2224 752 2288 excepissemus
766 2225 856 2271 certe·

20 2289 168 2342 mandata
182 2306 338 2359 vocesque,
358 2305 427 2361 quas
444 2294 558 2358 penitus
573 2294 667 2345 animo
682 2291 844 2359 ageremus.

19 2360 140 2413 Noster
151 2359 198 2413 hic
208 2360 299 2422 dolor,
311 2365 440 2414 nostrum
449 2362 564 2413 vulnus:
578 2362 661 2413 nobis
672 2366 730 2413 tarn
740 2360 844 2426 longae

16 2432 186 2489 absentiae
194 2430 356 2484 conditione
367 2436 434 2483 onte
446 2431 661 2499 quadriennium
673 2432 794 2483 amissus
804 2444 844 2483 es.

16 2502 135 2555 Omnia
156 2503 221 2554 sine
242 2500 342 2567 dubio,
371 2502 476 2571 optime
496 2510 665 2571 parentum,
694 2500 843 2555 adsidente

13 2568 232 2626 anaantissima
241 2586 340 2638 rurore,
359 2572 526 2639 superfuere
537 2572 638 2627 honori
648 2580 712 2627 tuo:
732 2573 843 2640 paucio·

599 2812 609 2838 b
