2034 3025
140 106 221 158 niu.
237 106 257 155 1.
273 103 357 154 cnr.
375 101 494 153 loe-15.
516 63 805 170 [numanum
845 103 876 158 ιι

65 225 184 263 uxorem
199 199 382 258 amoliretur=¹
396 219 462 255 mox
476 211 634 270 suspectum
649 206 678 254 in
694 201 791 257 eadem
808 206 879 274 Pop·

66 296 139 350 paea
158 277 374 348 inxprovinciam
394 275 582 336 Lusitaniam,
609 276 702 340 specie
718 274 878 342 legationis,

66 349 201 416 seposuit.
228 345 312 408 Otho,
327 345 443 396 comiter
453 345 648 396 administrata
657 347 808 410 provincia,
822 346 879 412 pri-

67 435 131 472 mus
147 419 177 468 iu
191 420 283 482 pa'rtes
299 421 504 482 transgressus,
526 429 577 464 nec
596 416 700 481 segnis,
723 420 765 477 et,
789 415 879 467 donec

68 487 174 540 bellum
186 487 253 549 fuit,
272 487 344 536 inter
355 489 515 550 praesentes
531 483 782 550 splendidissimus,
801 500 880 552 spem

69 558 241 624 adoptionis,
260 555 354 605 statim
371 559 547 620 conceptam,
565 554 657 605 acrius
672 556 701 606 in
717 555 776 606 dies
791 555 880 621 rapie-

68 629 131 680 bat:
145 626 300 678 faventibus
310 623 450 692 plerisque
460 624 590 688 militum,
601 640 690 692 prona
700 625 729 676 in
740 639 804 677 eum
814 624 880 678 aula
941 661 948 670 x

69 691 201 759 Neronis,
221 694 390 745 utsimilem.
708 699 712 716 '-

123 766 198 819 XIV.
234 761 290 816 Sed
301 763 399 827 Galba,
419 768 484 831 post
494 764 607 816 nuntios
619 763 800 816 Germanicae
810 763 881 818 sedi·

70 838 173 900 tionis,
201 849 369 902 quamquam
389 831 459 884 nihil
478 831 569 884 adhuc
585 835 619 886 de
635 833 748 888 Vitellio
764 840 882 898 certum,

70 908 171 958 auxius
180 919 300 974 quonam
312 906 485 956 exercituum
496 904 537 952 vis
549 910 717 971 erumperet,
729 920 763 956 ne
772 905 881 956 urbano

71 976 183 1044 quidem
193 975 275 1025 militi
286 975 415 1036 confisus,
430 973 504 1041 quod
516 968 669 1026 remedium
681 976 792 1026 unicum
803 973 883 1028 reba·

71 1051 133 1108 tur,
155 1045 268 1096 comitia
282 1045 395 1109 Imperii
409 1043 551 1110 transigit:
575 1043 768 1112 adhibitoque,
796 1058 883 1117 super

70 1115 186 1167 Vinium
197 1113 385 1176 acLaconem,
396 1113 487 1164 Mario
494 1113 584 1175 Celso,
596 1114 715 1165 Consule
727 1114 883 1180 designato,

72 1183 262 1236 acDucennio
278 1183 410 1248 Gemino,
428 1182 576 1235 Praefecto
591 1185 682 1248 urbis,
700 1198 791 1251 pauca
805 1197 885 1250 prae·

14 1288 17 1301 ,
72 1253 149 1305 satus
165 1255 196 1306 de
210 1270 262 1305 aaa
277 1262 427 1318 senectute,
447 1253 575 1305 Pisonem
589 1252 767 1306 Licinianum
780 1251 885 1306 arcessi

73 1324 164 1386 iubet3
183 1318 233 1375 seii
244 1325 358 1389 propria
372 1324 524 1386 electione,
543 1325 613 1385 sive,
631 1329 663 1374 ut
674 1324 785 1391 quidam
796 1323 886 1375 credi·

72 1388 190 1453 derunt,
208 1393 319 1444 Lacone
335 1393 470 1455 instante,
490 1394 535 1444 cui
546 1393 619 1458 apud
630 1392 791 1446 Rubellium
801 1393 885 1444 Plau·

73 1470 136 1515 tum
152 1464 276 1514 exercita
292 1477 355 1513 cum
369 1461 472 1514 Pisone
489 1463 624 1513 anrieitia:
649 1463 700 1515 sed
713 1461 829 1526 callide,
853 1466 887 1513 ut

74 1535 84 1585 i
127 1536 219 1595 otum,
237 1531 362 1595 fovebat3
380 1538 410 1583 et
425 1546 559 1599 prospera
575 1531 610 1589 de
621 1532 723 1584 Pisone
738 1532 812 1583 sama
823 1546 888 1583 con·

74 1605 99 1653 si
114 1604 139 1652 ’o
156 1601 315 1674 eiusptidem
324 1602 478 1653 addiderat
514 1602 593 1665 Piso,
608 1603 651 1653 Μ.
664 1602 763 1653 Crasso
775 1609 803 1653 et
814 1599 887 1653 Scri-

74 1673 161 1725 bonia
170 1672 290 1739 genitus,
300 1670 401 1722 nobilis
411 1672 561 1741 utrimque,
575 1673 655 1724 vultu
666 1671 819 1739 habituque
829 1686 888 1722 mo-

75 1744 116 1794 ris
130 1742 252 1809 antiqui,
275 1747 305 1793 et
318 1743 512 1794 aestimatione
528 1746 604 1795 recta
617 1758 744 1806 severus,
763 1742 888 1793 deterius

74 1813 325 1880 interpretantibus
335 1812 443 1863 tristior
458 1810 622 1865 habebatur.
658 1827 693 1865 ea
702 1828 767 1880 pars
777 1826 888 1864 morum

75 1884 145 1943 eius,
163 1898 217 1951 quo
228 1885 384 1950 suspectior
394 1881 534 1947 sollicitis,
552 1883 696 1951 adoptanti
707 1881 844 1951 placebat.
948 1926 950 1932 Α

128 1952 186 2002 XV.
222 1954 312 2020 Igitur
320 1954 424 2016 Galba,
442 1952 617 2021 adprehensa
628 1954 734 2005 Pisonis
746 1968 839 2017 manu,
856 1952 886 2005 iu

74 2021 150 2073 hunc
166 2023 280 2073 modum
295 2022 407 2075 locutus
421 2022 525 2075 fertur:
544 2022 577 2075 sa·
592 2032 619 2076 te
630 2023 759 2091 privatae
770 2025 828 2092 lege
842 2038 888 2075 ca·

74 2090 154 2156 tiata
168 2093 243 2160 apud
256 2091 421 2162 Pontifices,
444 2102 478 2145 ot
491 2094 576 2145 morie
591 2102 644 2157 eat,
667 2094 839 2161 adoptarem,
858 2098 887 2144 et

74 2158 143 2213 miti
157 2161 300 2230 egregiam
314 2171 390 2225 erat,
410 2160 458 2214 On.
470 2162 595 2231 Ponipeii
609 2171 638 2215 et
648 2161 687 2213 Μ.
703 2162 797 2215 Oranti
811 2161 887 2213 solo·

25 2290 40 2299 j
72 2234 126 2283 lem
141 2230 171 2283 in
181 2230 302 2286 Penates
317 2247 387 2283 ineos
398 2232 566 2296 adsciscere,
587 2242 615 2284 et
625 2231 676 2284 tibi
685 2231 804 2303 insigne,
825 2230 887 2283 Sul·

34 2335 41 2343 -
64 2299 163 2371 piciae
183 2317 217 2353 ac
235 2299 370 2351 Lutatiae
388 2300 488 2352 deeora
507 2301 649 2354 nobilitati
668 2310 732 2354 tane
748 2300 885 2353 adiecisse.

75 2367 158 2422 Noae
168 2386 218 2434 me,
231 2366 354 2421 Deorum
364 2368 552 2438 bominumque
563 2370 887 2438 consensaadlmperiam
949 2410 951 2417 ,

73 2447 214 2503 vocatum,
228 2438 376 2506 praeclara
390 2438 492 2491 indoles
506 2449 556 2492 tua
566 2450 594 2493 et
604 2458 679 2494 unior
685 2440 798 2509 patriae
808 2438 890 2507 inpa-

74 2508 119 2572 at,
136 2507 386 2577 ntPrineipatam,
408 2510 440 2561 de
452 2526 504 2579 qao
514 2510 630 2565 maiores
639 2508 728 2567 nostri
737 2508 822 2571 uernis
832 2524 889 2563 cer·

74 2579 182 2644 tabant,
201 2579 267 2634 bella
276 2580 401 2649 adeptae,
417 2581 566 2649 quiescenti
576 2582 701 2654 offeram,
720 2584 841 2649 exemplo
848 2578 888 2634 D.

75 2648 207 2721 Augus,
216 2650 265 2722 qai
274 2650 483 2726 aarerbfitiam,
492 2651 664 2721 Marcellum,
678 2652 740 2707 dein
746 2666 889 2723 generum,
