2034 3025
70 125 256 183 cruxru.
268 123 481 178 curuo-se.
500 123 806 201 [anamma]
823 91 875 185 abr

69 239 149 288 artes
164 231 318 292 valescere,
335 228 459 298 inparem
473 229 596 296 cupidini
612 239 641 282 et
653 231 750 302 sermo
764 231 877 288 Neronis

69 311 181 371 captam
190 299 337 350 simulanse
356 311 429 361 mor,
439 301 497 350 acri
508 301 564 350 ianr
576 299 712 367 Principis
724 312 829 366 amore,
840 307 877 358 ad

69 370 357 438 supermanantem,
368 369 391 418 ei
403 368 479 419 ultra
489 381 573 419 unam
584 369 754 436 alteramque
765 377 875 425 noctem

69 441 256 500 adtindrctur,
265 445 378 504 nuptant
388 451 443 488 erre
453 451 481 487 se
491 437 631 499 dictitans,
641 453 689 490 aee
694 452 773 506 peste
781 442 877 494 matrs·-

69 507 188 562 madum
198 506 337 567 amittere,
356 505 506 557 &unctam
518 501 620 558 Othoni
630 522 682 574 per
692 523 781 576 genus
793 507 877 573 uitae,

69 578 141 646 quod
153 592 229 628 uento
240 575 414 641 adaequaret.
450 571 531 626 Illum
549 575 816 629 anieroeteultrsrne
860 577 877 616 '-

63 648 168 719 ficunt:
185 644 225 696 tte·
238 659 267 695 se
280 658 383 694 summe
395 642 517 714 fortuna
526 641 612 712 dim
621 643 717 698 odem.
750 653 782 698 at
819 661 876 699 ero·

68 733 136 778 nem,
154 713 252 783 pellice
270 711 370 765 aneilla
385 720 413 763 et
427 711 603 766 adsuetudine
614 712 696 766 Artes
715 715 876 781 deuinctum,

68 786 110 840 nil
128 801 143 836 e
162 780 337 836 contubernio
356 779 456 844 anniti,
475 780 531 834 nise·
549 781 683 835 adlectant
697 792 726 836 et
739 785 876 836 sordident

69 853 197 908 traxisse.
220 851 359 902 Delicitur
368 849 561 903 familiaritate
571 857 660 914 sueta,
670 857 735 918 post
746 867 875 922 congres-

68 940 102 977 su
113 929 145 976 ct
153 922 296 988 comitatu,
309 918 398 982 0tlr03
418 925 448 971 et
457 924 609 985 postremo,
618 935 654 972 ne
664 923 693 972 ln
703 923 772 974 urbe
783 938 875 976 aemu-

63 993 144 1045 latus
159 995 271 1058 ageret,
288 989 447 1055 provinciae
457 989 621 1042 Lusitaniae
636 992 808 1055 praeficitur:
827 993 875 1044 ubl

69 1058 755 1130 usqueadciriliuannanonexprioreininmia,
776 1061 875 1112 sedin·

67 1138 149 1199 tegre
159 1133 309 1196 sancteque
319 1129 387 1194 egit,
401 1139 504 1194 procax
515 1127 566 1179 otii
576 1131 607 1179 et
615 1128 763 1194 potestatis
772 1136 876 1197 tempe·

67 1199 186 1253 rantior.
517 1244 521 1254 ,

97 1319 99 1322 ,
121 1264 237 1318 ΧΙΝΙΙ.
255 1263 401 1315 Hactenu
411 1263 487 1316 Nero
500 1263 617 1332 flagitiis
627 1270 657 1316 et
665 1264 819 1318 sceleribus
829 1281 876 1319 re-

68 1339 193 1389 lamenta
206 1333 350 1402 quaesivit.
386 1331 570 1398 Suspeetnbat
582 1337 701 1385 maxime
714 1334 876 1386 Cornelium

67 1405 186 1466 Sullam,
204 1415 300 1454 socors
310 1401 451 1467 ingenium
462 1403 524 1452 elus
532 1403 562 1451 in
572 1405 741 1452 contrarium
752 1402 875 1467 trahens,

67 1473 256 1539 callidumque
272 1475 301 1523 et
315 1468 507 1523 simulatorem
527 1470 748 1535 interpretando.
785 1472 874 1534 Quem

65 1549 174 1597 metum
189 1542 311 1607 Graptus
327 1554 362 1593 ex
376 1539 485 1590 libertis
497 1540 637 1601 Caesaris,
656 1553 709 1589 usu
724 1544 754 1591 et
762 1546 875 1592 senecta

65 1614 183 1668 Tiberio
203 1611 327 1677 abusque
347 1608 459 1661 domum
476 1606 637 1673 Principum
656 1606 792 1671 edoctus,
822 1609 874 1661 tali
899 1620 914 1641 Ι
977 1623 981 1640 ¹

65 1682 214 1735 mendacio
229 1678 358 1729 intendit.
393 1676 468 1729 Pons
478 1677 600 1730 Mulvius
609 1678 638 1727 ln
649 1690 684 1727 eo
693 1682 820 1744 ternpore
831 1694 874 1731 ce·

66 1753 154 1805 lebria
169 1748 312 1801 nocturnis
326 1747 473 1800 inlecebris
487 1752 561 1799 erat:
578 1746 789 1815 ventitabatque
807 1748 874 1800 illue

66 1822 152 1883 Nero,
171 1833 225 1887 quo
235 1815 362 1877 solutius,
377 1818 474 1867 urbem
486 1821 575 1878 extra,
590 1814 738 1868 lasciuiret.
773 1819 873 1885 Igitur,
958 1858 962 1866 .

65 1886 234 1959 regredienti
249 1900 301 1951 per
315 1884 387 1936 aiam
394 1884 561 1937 Flaminiam
575 1885 735 1951 compositas
749 1885 872 1949 insidias,

60 1960 180 2033 satoque
190 1954 317 2017 euitatus,
331 1954 457 2022 quoniam
467 1953 571 2005 diemo
580 1953 680 2006 itinere
692 1953 872 2009 suentium

34 2033 41 2037 '
64 2024 209 2081 iubertet
228 2022 401 2086 recreaverit,
420 2032 608 2089 auctoremque
623 2023 680 2074 eius
694 2022 749 2076 dola*
759 2024 872 2087 Sullam,

64 2096 234 2149 ementitur:
253 2107 269 2158 q
290 2091 414 2153 iasone,
433 2092 614 2143 redeuntibus
622 2092 756 2144 ministris
767 2094 871 2146 Princi-

64 2166 119 2233 pis,
128 2163 251 2232 quidam,
267 2175 283 2228 p
302 2160 471 2212 riurenilem
481 2160 633 2223 licentiam,
653 2176 725 2229 quae
735 2168 871 2229 toncpas·

64 2238 118 2287 sim
139 2232 331 2293 exercebatur,
349 2227 459 2281 inanem
480 2235 586 2281 metum
605 2229 738 2281 fecerant.
774 2232 871 2300 Neque

65 2315 207 2355 serrorum
217 2301 373 2369 quisquam,
388 2312 477 2365 neque
487 2298 629 2350 clientium
641 2298 736 2351 Sullae
746 2302 870 2368 agnitus:

65 2372 242 2436 maximeque
261 2368 400 2435 despecta,
419 2371 448 2417 et
462 2366 566 2417 nullius
585 2368 646 2418 ausi
666 2383 752 2447 cimex
770 2362 892 2422 natura'

66 2442 145 2502 eius,
159 2454 178 2491 a
197 2438 312 2490 crimine
332 2435 513 2488 abhorrebat:
530 2437 647 2502 perinde
667 2442 775 2501 temen,
792 2440 884 2505 quasi,

66 2509 208 2561 convictus
217 2512 299 2568 esset,
315 2508 415 2559 cedere
424 2506 522 2572 petria,
531 2510 562 2557 et
570 2505 786 2559 Massiliensium
796 2521 871 2559 moe·

66 2576 149 2631 nibus
159 2576 281 2629 coerceri
291 2577 411 2627 iubetur.
529 2606 535 2613 -
618 2575 620 2588 '

118 2644 244 2711 xbvnr.
266 2644 365 2699 lisdem
388 2643 555 2697 Consulibus
573 2642 687 2696 auditae
706 2643 875 2695 Puteolano·
