2034 3025
95 112 251 173 maxe.
270 112 481 172 cmm-ao.
499 92 657 189 [nvom
672 117 810 191 noso]
830 119 880 175 sn

75 231 125 277 tas
134 239 252 287 morum,
273 230 323 274 aut
332 224 507 290 voluptatum
518 225 704 291 parsimonia:
724 225 836 276 lenitati
848 242 881 277 ae

75 290 306 361 magnificentiae
321 296 350 344 et
366 292 517 360 aliquando
532 293 611 345 luxui
625 292 799 360 indulgebat.
836 296 879 347 ld-

75 377 133 431 que
152 361 278 428 pluribus
297 362 484 428 probabe'ur3
514 363 576 429 qui,
604 363 730 415 intanta
744 362 879 415 vitiorum

74 431 234 494 dulcedine,
262 446 400 483 summum
410 432 562 497 Imperium
578 445 635 483 nou
650 430 812 483 restrictum
827 445 880 485 nec

72 500 371 569 perseverdmrolunt.

46 622 49 628 ,
126 568 225 623 XLIX.
243 570 357 621 initium
363 568 554 625 coniurationi
565 582 622 621 uon
632 568 877 636 acupidineipsius

73 637 144 691 tuit:
174 643 331 691 nectamen
341 638 424 692 facile
439 639 668 702 memoraverim,
698 639 759 705 quis
771 639 877 706 primus

74 712 183 771 auctor,
197 710 277 760 cuius
287 708 424 761 instinctu
432 711 572 760 concitum
583 710 631 771 sit,
645 706 719 776 quod
729 712 787 759 tam
797 706 879 757 multi

74 782 265 842 sumpserunt.
290 776 521 845 Promptissimos
531 769 661 829 Subrium
670 775 806 839 Flavium,
817 776 879 826 Tri·

73 846 181 898 bunum
191 846 357 898 Praetoriae
372 846 513 910 cohortis,
543 851 573 897 et
588 846 739 913 Sulpicium
759 849 880 913 Asprum

75 915 279 967 Centurionem
294 918 454 980 exstitisse,
482 917 645 967 constantia
660 917 752 967 exitus
774 915 879 967 docuit.

74 985 114 1037 Et
124 984 255 1043 Lucanus
270 986 401 1038 Annaeus
411 985 596 1051 Plautiusque
607 985 778 1047 Lateranus,
809 985 880 1036 Con-

76 1054 122 1105 sul
131 1053 311 1121 designatus,
326 1054 419 1123 uirida
430 1054 496 1105 odia
506 1053 638 1103 intulere.
662 1051 805 1105 Lucanum
815 1068 880 1120 pro·

75 1123 155 1191 prise
166 1137 283 1174 caussae
293 1123 498 1185 accendebant,
524 1118 600 1189 quod
610 1120 712 1172 sarnam
724 1124 880 1174 carminum

76 1191 138 1244 eius
149 1193 296 1257 premebat
306 1190 391 1255 Nere,
409 1190 647 1260 prohibueratque
659 1197 816 1253 ostentare,
833 1206 879 1242 ra·

74 1262 337 1312 mrsaemulatione.
374 1259 561 1323 Lateranum,
590 1260 738 1313 Consulem
750 1260 879 1329 designa·
942 1264 944 1274 ⁴

75 1335 146 1393 tum,
166 1330 244 1381 nulla
254 1331 374 1394 iniuria,
392 1331 443 1381 sed
453 1346 533 1382 amor
541 1330 671 1397 Reipubl.
682 1331 807 1382 sociavit.
844 1330 880 1380 nt

74 1397 190 1451 Flavius
201 1398 336 1451 Seerinus
348 1406 378 1451 et
387 1400 520 1451 Afranius
531 1399 731 1463 quinctianus,
759 1404 879 1471 uterque

75 1465 222 1520 Senatorii
241 1469 363 1533 ordinis,
393 1474 494 1521 contra
508 1468 611 1520 farriam
627 1470 683 1531 sni,
712 1468 892 1540 principium)

75 1531 298 1605 tantisacin'oris
308 1540 494 1606 capessivere.
516 1559 519 1566 ²
530 1537 601 1589 Nam
611 1536 729 1588 Seerino
740 1536 879 1588 dissoluta
961 1539 962 1542 ’

73 1606 146 1658 luxu
159 1621 239 1659 mens
254 1613 284 1660 et
297 1607 418 1675 proinde
432 1609 494 1658 rita
506 1620 604 1658 somno
615 1605 762 1673 languida:
793 1606 879 1667 Quin·

75 1675 187 1726 ctianus
197 1677 320 1728 mollitia
328 1677 454 1742 corporis
465 1675 594 1738 infamis,
625 1682 654 1727 et
664 1691 681 1726 a
691 1674 804 1726 Nerone
815 1688 879 1740 pro·

4 1800 7 1812 ,
75 1744 161 1797 broso
171 1747 294 1797 carmine
304 1746 474 1808 diffamatus,
494 1744 681 1796 contumelias
691 1743 781 1794 ultum
792 1744 860 1795 ibat.

52 1813 56 1821 '
128 1812 163 1864 L.
180 1815 271 1881 Ergo,
290 1815 354 1866 dum
369 1816 469 1868 seelera
483 1811 636 1880 Principis,
654 1820 682 1866 et
688 1812 775 1883 finem
786 1814 879 1864 *adesse

74 1880 198 1949 Imperii,
212 1881 446 1952 deligendumque,
464 1883 599 1955 qoiferet's
610 1882 688 1934 rebus
698 1891 878 1945 succurreret,

73 1951 152 2004 inter
161 1965 193 2002 se
203 1958 253 2002 aut
263 1953 340 2004 inter
349 1955 454 2004 amicos
463 1955 584 2015 iaciunt,
609 1952 802 2020 adgregavere
812 1952 878 2003 Tul·

71 2019 145 2072 lium
155 2018 349 2084 Senecionem,
369 2023 531 2073 cervarium
542 2021 700 2084 Proculum,
720 2019 879 2072 Vulcatium

71 2089 236 2152 Araricum,
255 2091 356 2142 lulium
365 2093 556 2158 unguinum,
581 2092 738 2143 Munatium
750 2091 877 2152 Gratum,

72 2159 228 2211 Antonium
238 2158 377 2222 Natalem,
392 2161 532 2210 ‘Martium
543 2159 674 2222 Festum,
694 2160 813 2226 Equites
823 2160 877 2211 Ro·

73 2243 188 2280 manos:
209 2243 245 2280 ex
255 2228 357 2297 quibas
367 2228 494 2290 Senecio,
515 2228 878 2296 epraecipuafamiliarita-

72 2303 105 2350 te
115 2296 252 2362 Neronis,
281 2301 403 2365 speciem
414 2299 555 2350 amicitiae
566 2300 651 2350 etiem
662 2305 721 2350 tum
732 2298 875 2351 retinens:

72 2378 108 2419 ec
119 2366 247 2434 pluribus
263 2367 396 2435 periculis
411 2366 634 2419 conflictabatur.
671 2367 780 2428 Natalis
791 2367 877 2432 porti-

72 2449 141 2502 ceps
160 2436 196 2488 ad
214 2451 298 2488 omne
317 2441 456 2490 secretum
468 2436 567 2489 Pisoni
588 2442 659 2489 erat
694 2438 824 2489 ceteri-ss
844 2448 877 2490 es

72 2516 109 2556 ex
119 2506 200 2556 nevis
212 2507 297 2557 rebus
307 2507 467 2574 petebatur.
489 2505 625 2558 'Adscitae
636 2511 711 2568 sunt,
733 2449 877 2570 superga-

69 2573 165 2626 brium
176 2579 206 2626 et
217 2572 379 2642 Sulpicium,
399 2574 434 2625 de
445 2574 546 2642 quibus
556 2575 651 2636 retuli,
671 2574 809 2624 militares
821 2585 877 2621 ma-

71 2654 135 2709 nua,
145 2641 270 2698 Grauius
279 2643 409 2697 Silvanus
420 2647 449 2697 et
459 2642 568 2698 Statius
579 2642 738 2706 Proximus,
755 2639 876 2694 Tribuni
982 2653 983 2658 ¹
