2034 3025
58 161 61 165 ¹
150 77 201 148 ro'e
233 91 540 148 wrusrorunnvrr
558 83 715 160 [nvem.
734 87 882 158 n.c.71.1

146 167 954 188 —————---———-————·-·-——-——·
1002 173 1004 192 ;

121 231 129 245 ι·
148 207 227 264 rent,
256 199 375 251 hortari.
411 199 511 266 vulgus
527 195 686 257 credulum,
712 196 955 248 ruereiuforum:

143 269 329 339 praesentiam
339 266 449 320 Pisonis
459 281 620 336 exposcere.
633 266 636 270 ’
654 264 766 316 Gaudio
776 267 958 319 clamoribus·

86 347 88 352 '
147 355 203 421 que
214 343 314 390 cuncta
323 338 494 398 miscebant,
523 334 705 404 indiligentia
712 335 774 385 reri
785 336 820 386 e't
829 335 958 387 adulandi
1002 354 1004 376 ι

146 407 285 465 hordine..
312 407 392 468 Piso,
419 406 524 457 indicio
541 403 683 472 Sagittae,
708 404 958 456 velinsitamode·
1002 406 1004 515 p

148 480 215 539 etia,
234 492 290 528 non
301 477 330 527 in
337 476 478 543 publicum
490 474 623 540 egressus
634 477 689 535 est,
708 487 802 540 neque
814 490 845 524 se
858 473 959 524 studiis

149 547 225 612 vulgi
236 546 372 614 permisit.
396 545 652 609 centurionemque
663 548 877 608 percunctatus,
887 548 958 610 post·

149 629 247 682 want,
277 613 429 682 quaesitum
438 612 490 663 sibi
499 611 602 670 emmer
611 610 784 677 caedemque,
809 613 958 678 comperit,

148 683 329 735 anirrrodeerti
342 682 372 733 ie
387 697 445 733 curn
460 683 556 743 iussit,
585 679 661 730 haud
674 678 792 746 perinde
809 695 863 747 spe
876 682 958 739 vitae,

149 766 233 820 quarn
244 754 288 802 ira
297 755 325 801 in
337 765 547 817 percussorem,
575 749 649 815 quod
659 748 733 798 idern
746 762 782 798 ox
792 749 956 800 interfecto

151 820 229 872 ribus
241 818 332 870 Clodii
343 819 440 880 Macri,
451 825 583 870 ementes
595 817 694 884 Legati
706 819 849 884 sarrguine
861 831 958 868 manus

149 888 186 938 ad
206 887 320 940 eaedem
341 888 521 940 Proconsulis
541 887 697 939 retulisset.
741 886 835 936 Anxio
859 886 958 938 deinde

151 957 245 1008 edicto
257 955 539 1024 Carthaginiensibus
553 955 714 1021 increpitis,
742 969 778 1005 ne
795 956 891 1007 solita
904 955 960 1023 qui·
1002 996 1004 1003 .

114 1021 122 1039 ¹
151 1026 215 1076 dem
225 1028 320 1077 nrunia
330 1026 492 1093 usurpabat,
511 1025 620 1076 clausus
631 1025 707 1074 intra
716 1023 843 1087 domum,
861 1041 901 1077 ne
911 1038 962 1093 que

149 1099 244 1146 motus
255 1097 320 1146 novi
332 1109 430 1145 caussa
439 1095 485 1145 rel
494 1093 570 1146 forte
581 1095 713 1144 oriretur.
873 1129 881 1134 .

201 1163 237 1215 L.
257 1161 322 1226 Sed,
341 1164 390 1214 nbi
399 1163 485 1215 Festo
497 1162 691 1214 consternatio
701 1160 790 1227 vulgi,
811 1161 962 1214 Centurio·
1002 1226 1003 1229 Ἴ

150 1233 195 1286 nis
206 1233 385 1300 supplicium,
414 1245 535 1298 veraque
547 1236 577 1283 et
587 1230 672 1292 falsa,
700 1245 778 1280 more
789 1229 906 1289 famae,
934 1233 963 1282 in

92 1339 95 1344 -
151 1303 241 1354 maius
257 1303 421 1364 innotuere,
452 1302 562 1366 equites
576 1301 607 1350 in
621 1298 848 1358 neceml‘isonis
863 1302 965 1352 mittit.

150 1373 195 1425 llli
208 1372 309 1438 raptim
319 1372 405 1433 recti,
435 1371 554 1421 obscuro
566 1367 656 1420 adhue
666 1374 783 1434 coeptae
793 1369 887 1432 lucis,
917 1370 964 1421 do·
1002 1392 1003 1405 .

150 1457 227 1494 mum
239 1439 419 1492 Proconsulis
430 1440 608 1505 inrumpunt,
632 1437 775 1488 destrictis
786 1437 912 1505 gladiis:
936 1445 967 1491 et

151 1526 255 1579 magna
265 1525 329 1578 pars
340 1506 450 1560 Pisonis
461 1509 567 1575 ignari,
596 1507 670 1576 quod
680 1505 793 1559 Poenos
803 1509 966 1560 auxiliares

145 1574 324 1647 'Maurosque
339 1581 440 1629 ineam
458 1576 572 1629 eaedem
582 1576 740 1643 delegerat,
772 1574 854 1627 haud
866 1577 968 1643 procul

152 1648 290 1711 cubiculo,
311 1648 422 1699 obvium
432 1645 509 1697 forte
521 1661 642 1707 serrum,
657 1644 780 1711 quisnam
793 1646 970 1698 studiant

151 1716 237 1769 Piso?
269 1719 492 1783 interrogavere.
538 1714 640 1766 Seruus
666 1715 782 1782 egregio
802 1716 971 1776 mendacio,

151 1802 179 1837 se
188 1784 312 1837 Pisonem
323 1800 390 1847 etse,
422 1783 578 1851 respondit:
594 1791 596 1800 '
608 1786 749 1834 aestatim
761 1782 971 1837 obtruncatur.

151 1870 205 1907 nec
219 1855 309 1905 multo
324 1861 390 1923 post
403 1853 469 1906 Piso
488 1852 668 1905 interficitur.
703 1852 833 1920 Namque
850 1854 973 1915 aderat,

152 1926 200 1989 qui
211 1929 351 1984 nosceret,
370 1923 476 1974 Bebius
487 1922 593 1984 Massa,
614 1920 882 1973 eProeuratoribus
893 1923 973 1974 arri·
1002 1955 1004 2026 p

151 2006 212 2051 cae,
231 1992 287 2040 iarn
299 1996 366 2046 tune
375 1994 480 2057 optimo
491 1992 591 2057 cuique
603 1992 749 2051 exitiosus,
764 1996 795 2040 et
804 1990 833 2038 in
847 2005 975 2044 caussas

150 2060 303 2121 malorum,
332 2074 402 2125 quae
421 2075 486 2111 mox
508 2056 636 2119 tulimus,
671 2061 783 2125 saepius
803 2059 974 2113 rediturus.

120 2179 131 2192 ,
150 2128 254 2182 Festus
273 2126 437 2190 Adrumeto,
467 2129 517 2180 ubi
536 2127 758 2195 speculabundus
779 2127 976 2193 substiterat,

150 2197 187 2251 ad
197 2186 338 2265 legidnern
349 2197 509 2258 contendit,
538 2196 774 2263 Praefectnmque
788 2202 976 2262 castrorum,

151 2269 316 2318 Cetronium
327 2265 470 2328 Pisanum,
488 2267 588 2317 vinciri
604 2267 856 2331 iussit‚‘proprias
874 2268 917 2319 ob
933 2271 975 2318 si-

49 2354 54 2361 ,
113 2388 115 2393 Α
151 2335 300 2403 multates:
316 2334 366 2384 sed
375 2333 486 2385 Pisonis
497 2334 642 2387 satellitem
650 2336 780 2395 uocabat,
795 2336 975 2405 militesque

152 2409 182 2453 et
195 2403 382 2467 Centuriones
394 2402 529 2467 quosdam
543 2403 652 2468 puniit,
679 2403 751 2462 alios
760 2407 909 2469 praemiis
920 2406 975 2457 ad·

151 2468 233 2527 fecit:
249 2474 380 2519 neutrum
392 2482 425 2518 ex
436 2470 547 2531 merito,
557 2470 609 2521 sed
619 2477 653 2522 ut
663 2474 845 2537 oppressisse
856 2475 975 2526 bellum

76 2562 84 2600 3
152 2536 323 2585 crederetur.
341 2536 422 2605 Mffl‘.
434 2537 596 2599 Oeensium,
615 2540 902 2609 Leptitanorurnque
914 2545 978 2595 dis·

145 2602 261 2675 ‘medias
273 2604 423 2663 componit,
446 2616 534 2665 quae,
561 2612 646 2669 raptu
655 2605 770 2670 frugum
785 2613 981 2669 etpeeorum

343 2882 347 2903 l
403 2888 537 2945 «x

327 2915 337 2944 p
