2034 3025
96 51 251 140 ursio.
271 86 354 140 essa
363 83 486 140 re-so.
506 70 655 153 [arma
667 82 874 186 ΛΜΨ·

73 196 105 242 et
113 206 339 251 successurorum
346 193 571 255 ferociorCivilis‚
583 193 717 245 obsidium
728 195 869 261 legionum

3 266 6 281 '
73 260 203 324 urgebat:
222 262 334 311 intentis
345 263 488 324 custodiis,
508 264 612 327 nequis
623 261 746 313 occultus
757 265 869 315 nuntius

72 328 211 377 venientis
228 330 322 380 auxilii
341 335 516 395 penetraret„
549 329 692 380 Machinas
712 330 870 395 molemque
926 334 928 341 '

3 383 9 416 ²
76 407 190 460 operum
209 396 322 446 Batavis
340 398 463 462 delegat:
482 396 722 459 Transrhenanos,
737 398 871 463 proelium

3 460 10 483 *
33 482 38 486 ’
74 466 226 528 poscentis,
236 464 273 513 od
281 464 557 515 solemniacensem
567 464 622 526 ire,
632 466 804 529 detrusosque
814 462 871 527 red-

3 535 8 551 “
73 530 213 597 integrare
224 540 367 592 certamen,
386 533 476 593 iubet3
500 539 645 597 superante
657 532 831 593 multitudine
842 534 871 584 el

73 596 151 649 facili
161 599 270 648 damm
289 615 340 652 nec
349 601 430 650 linem
441 600 531 650 labori
540 615 593 650 nox
604 600 712 651 adtulit.

107 665 225 715 ·XXlX.
244 668 387 732 congestis
406 669 508 718 circum
529 669 611 733 lignis
630 670 817 735 accensisque,
834 668 869 718 si-

73 734 133 786 mul
139 734 287 799 epulantes,
297 740 329 783 ut
335 737 518 801 quisquerino
528 736 690 799 incaluerat,
701 738 736 787 ad
747 741 867 803 pugnaui
917 746 919 751 ’

3 860 8 872 μ
72 804 230 853 temeritate
250 804 324 853 inani
343 803 510 855 ferebantur.
546 806 653 871 Quippe
672 804 794 869 ipsorum
810 804 869 855 tela

3 874 8 894 ³
72 883 123 935 per
132 871 258 921 tenebras
269 886 350 921 rana:
369 873 484 922 Romani
496 874 668 936 conspicuam
680 874 868 923 Barbarorum
913 897 916 900 ·

74 939 171 1001 aciem,
179 944 218 1000 et,
226 940 250 988 si
260 941 319 1003 quis
330 940 445 988 audacia
456 945 504 988 aut
514 941 665 1005 insignibus
675 939 820 1005 effulgens,
831 938 867 990 ad

3 1003 4 1022 ²
71 1006 156 1055 ictum
166 1006 348 1056 destinabant.
367 1006 541 1056 Intellectum
551 1006 579 1055 iel
591 1008 683 1058 Civili:
692 1014 729 1067 et,
735 1006 868 1058 *restincto

70 1071 148 1141 igne,
163 1073 269 1130 misceri
281 1080 378 1123 coneto
394 1073 508 1124 tenebris
524 1080 550 1123 et
565 1074 655 1135 oensis,
673 1074 759 1124 iubet.
789 1076 867 1141 *Tum

70 1154 137 1191 vero
147 1141 401 1205 strepitus-dissoni,
420 1156 500 1191 casus
515 1142 621 1203 incerti,
641 1156 729 1206 neque
741 1141 868 1203 feriendi,

38 1248 44 1252 .
70 1215 159 1273 neque
173 1208 328 1260 declinandi
342 1208 524 1273 providentia.
559 1208 636 1259 Vnde
648 1209 751 1259 clamer
761 1208 866 1259 accide-

69 1276 455 1343 ratoircumogerecorpora,
466 1276 579 1331 tendere
596 1277 688 1325 arcus:
708 1276 774 1325 nihil
786 1275 866 1339 prod·

70 1344 236 1404 esserirtus,
260 1343 319 1393 sors
329 1348 429 1393 cuncta
437 1344 551 1393 turbare
562 1348 590 1393 et
605 1345 767 1409 ignavorum
783 1357 865 1405 saepe

68 1408 134 1458 telis
147 1408 292 1472 fortissimi
308 1410 416 1461 eadere.
451 1411 530 1474 spuo
543 1410 695 1463 Germanos
709 1406 866 1461 inconsulta

67 1475 126 1525 ira:
140 1475 280 1543 Romanus
299 1478 393 1539 miles,
410 1478 594 1542 periculorum
615 1491 725 1544 gnarus,
746 1476 865 1528 ferratos

68 1543 164 1605 sudes,
183 1547 277 1610 gravia
293 1559 371 1606 saxa,
382 1559 446 1593 ‘non
461 1544 536 1594 forte
550 1547 676 1600 iaciebat.
712 1545 766 1596 Vbi
781 1558 864 1596 sonus

68 1609 249 1673 molientium,
269 1616 318 1661 out
338 1609 480 1676 adpositae
495 1612 587 1662 scalae
606 1611 713 1662 hostem
728 1614 757 1661 in
768 1627 865 1678 manus

68 1677 211 1741 dederant,
227 1680 382 1745 propellere
392 1681 524 1741 umbone,
539 1680 596 1745 pilo
607 1681 694 1744 sequi:
716 1678 864 1741 multos,in
904 1687 905 1691 ’

59 1747 177 1797 'moenia
197 1762 331 1814 egressos,
350 1746 515 1814 puglonibus
532 1749 636 1800 fodere.
672 1745 717 1798 Sic
732 1746 864 1800 exhaustu

64 1819 156 1875 noete,
166 1830 265 1865 novam
276 1817 362 1866 aciem
372 1815 431 1866 dies
441 1817 560 1880 aperuit.
585 1873 587 1878 ¹

116 1882 204 1939 XXX.
221 1883 385 1934 Eduxerant
393 1885 489 1933 Batavi
499 1883 608 1944 turrim,
619 1879 718 1947 duplici
728 1879 863 1946 tabulato,

62 1961 157 2013 qnam,
174 1950 334 2005 Praetoriae
353 1956 450 2016 portae
470 1953 504 2013 (is
514 1953 693 2018 aequissimus
704 1951 790 2011 locus)
801 1965 863 2016 pro·

62 2018 259 2082 pinquantem,
277 2021 398 2083 promoti
411 2028 508 2070 contra
522 2019 723 2078 rolidiasseres
734 2025 761 2070 et
771 2021 860 2070 incos-

62 2097 113 2132 sae
123 2085 215 2134 trabes
226 2087 394 2152 perfregere,
404 2087 493 2138 multa
503 2088 716 2152 superstantium
729 2087 859 2152 pernicie.

61 2150 274 2224 Pugnatumque
289 2156 317 2203 in
337 2155 478 2219 perculsos
496 2157 587 2206 subita
602 2161 630 2206 et
648 2169 781 2220 prospera
800 2167 861 2204 eru·

61 2218 169 2283 ptione.
195 2218 283 2270 Simul
293 2237 310 2270 a
319 2221 490 2287 legionariis,
499 2224 601 2287 peritia
611 2228 639 2273 et
649 2227 708 2272 arte
719 2225 859 2286 praestan·

60 2285 151 2347 tibus,
169 2287 253 2350 plura
265 2289 452 2339 struebantur.
488 2290 667 2354 Praecipuum
679 2302 807 2354 pavorem
818 2289 858 2338 in·

57 2353 127 2402 tulit
140 2368 301 2420 suspensum
313 2363 342 2406 et
350 2362 450 2406 nutans
465 2357 727 2418 machinamentum,
747 2370 800 2422 quo
816 2367 859 2406 τε»

58 2426 145 2490 pente
155 2422 287 2485 demisso,
306 2430 416 2489 praeter
428 2439 542 2474 suorum
557 2440 607 2475 ora
617 2422 717 2490 singuli
731 2423 858 2490 pluresve

3 2497 5 2557 l
38 2487 184 2547 'hostium
204 2491 320 2544 sublime
339 2494 423 2557 rapti,
441 2507 521 2543 verso
540 2493 663 2558 pondere
677 2495 752 2540 intra
767 2494 859 2540 costra

3 2562 5 2643 l
57 2557 284 2634 effundebantur.
321 2560 422 2626 Civilis,
437 2561 537 2614 ennoea
547 2559 722 2628 oppugnandi
732 2560 788 2628 spe,
799 2571 858 2610 rur·
