2034 3025
90 131 260 189 mnxu
280 129 499 187 erun-m.
519 131 815 208 [eumeces]
830 137 885 196 ur

73 249 133 296 res,
150 233 194 283 eei
201 231 314 298 dilapsis
322 231 455 299 inprovisi
466 233 758 305 circumfunderentur.
793 239 884 292 Biss-

75 307 144 354 euts
153 300 302 353 consilimn
313 301 400 354 Ducis
410 299 552 354 industris
561 303 693 365 militum,
703 302 843 373 divisique
851 307 884 358 in

78 369 136 421 duo
147 370 275 435 agmins,
292 372 341 438 qui
351 369 459 424 lucrum
470 373 528 422 iter
542 373 716 439 petiverant,
732 386 831 424 reeens
841 388 885 428 rs·

78 453 189 499 versos,
206 437 368 506 praedaque
379 453 430 506 per
439 438 536 491 luxum
544 455 613 493 usos
623 446 654 493 et
664 455 763 493 somno
773 454 884 508 gres-es,

79 509 299 558 circumvenere.
317 511 406 560 Aucta
415 507 535 572 laetitia,
545 509 621 577 quod
631 507 768 578 quosdam
779 507 884 562 ecisde

77 576 207 629 Variana
221 575 466 644 quadragesimum
481 583 548 645 post
562 593 666 632 annum
679 579 801 632 servitio
820 591 884 630 exe-

76 650 199 697 merant.

128 711 260 766 xxvm.
284 715 329 778 st,
345 715 393 782 qui
403 712 513 768 dextris
524 721 554 768 et
563 717 743 784 propioribus
754 731 884 784 compen·

76 783 134 836 diis
149 783 257 846 ierant,
276 783 358 836 obvio
373 779 462 846 hosti,
478 791 508 836 et
522 788 611 838 aciem
621 801 704 848 auso,
722 785 883 854 plusciadis

75 852 202 914 faciunt3
218 857 247 902 et
257 851 364 918 praeda
374 851 449 906 sams
467 868 504 905 ue
515 857 621 919 onusti,
630 853 667 906 ad
676 861 799 909 montem
810 857 884 908 'l'su-

75 935 145 972 num
166 926 360 983 revertuntur,
382 921 431 972 ubi
449 869 621 990 domponius
640 939 702 974 cum
721 924 883 992 legionibus

76 989 295 1058 opperiebatur,
314 992 338 1040 si
355 991 439 1052 catti,
457 992 586 1058 cupidine
601 992 769 1055 ulciscendi,
787 1007 883 1044 casum

75 1071 192 1130 pugnae
212 1059 389 1125 praeberent
426 1059 472 1110 lili
491 1066 584 1124 metu,
600 1075 637 1111 ne
652 1058 718 1112 binc
731 1059 884 1122 Romanus,

73 1128 147 1181 inde
158 1124 303 1189 Cherusci,
321 1143 382 1178 cum
399 1129 461 1194 quis
476 1134 623 1179 oeternum
638 1127 813 1191 discordant,
831 1128 884 1178 cir·
955 1177 959 1181 ,

76 1193 345 1262 cumgrederentur',
363 1197 473 1262 legatos
487 1197 517 1247 iu
527 1196 625 1247 urbem
636 1201 666 1247 et
677 1195 790 1248 obsides
800 1197 883 1248 mise·

76 1280 127 1328 re3
145 1263 330 1331 decretusque
341 1263 495 1331 Pomponio
511 1264 688 1334 triumphalis
703 1263 808 1328 bonos,
823 1279 882 1316 mo·
982 1295 986 1302 ·

79 1334 144 1385 dica
158 1345 223 1398 pars
239 1330 330 1384 famae
342 1334 402 1385 eius
418 1329 497 1400 apud
506 1340 652 1402 posteros,
669 1335 699 1386 iu
709 1333 775 1402 quis
785 1333 883 1386 carni-

77 1415 146 1454 num
157 1400 249 1468 gloria
258 1402 414 1468 praecellit.

132 1469 233 1524 XXIX.
251 1469 307 1524 Per
317 1471 391 1523 idem
401 1475 513 1539 tempus
522 1467 660 1534 Vannius,
674 1467 773 1523 Suesia
784 1467 884 1521 eliru-

76 1557 111 1595 so
124 1542 245 1595 Caesare
255 1542 406 1609 inpositus,
422 1540 539 1609 pellitur
547 1554 651 1607 regno:
669 1540 761 1606 prims
770 1538 884 1605 imperii

76 1616 174 1664 secute
195 1610 287 1662 clarus
302 1615 489 1677 acceptusque
510 1608 708 1677 popularibus,
724 1622 805 1670 mox,
823 1605 884 1657 diu·
917 1651 930 1661 .

75 1681 218 1733 turnitate
229 1682 258 1729 in
269 1682 430 1746 superbiam
445 1685 572 1742 mutans,
591 1681 621 1728 et
637 1677 703 1729 odio
717 1676 883 1737 accolarum,

75 1749 163 1801 simul
173 1747 336 1799 domesticis
347 1749 496 1801 discordiis
506 1749 722 1801 circumventus.
747 1746 883 1799 ductores

75 1814 160 1870 fuere
168 1816 311 1879 Vibillius,
326 1818 591 1871 Hermundurorum
601 1816 675 1879 Rex,
686 1824 716 1868 et
726 1816 839 1884 Vangio
850 1826 884 1865 ae

76 1886 158 1949 Sido,
175 1890 275 1939 sorore
289 1886 394 1939 Vannii
415 1889 515 1954 geniti.
553 1886 612 1939 Nec
626 1885 768 1948 Claudius,
789 1898 884 1953 quum·

76 1970 163 2025 quem
173 1970 258 2023 saepe
268 1960 375 2019 oratus,
384 1971 463 2008 erma
473 1956 647 2008 certantibus
656 1955 786 2007 barbaris
796 1954 884 2017 inter·

75 2025 183 2094 posuit,
198 2032 289 2077 tntum
298 2024 410 2079 Vannio
417 2024 582 2097 perfugium
592 2027 774 2093 promittens,
792 2022 817 2075 si
827 2023 885 2091 pei·

55 2131 58 2136 -
75 2096 198 2147 terrim.-
217 2094 386 2161 scripsitque
397 2094 428 2147 P.
437 2095 543 2145 Ateliio
552 2094 666 2158 Histro,
686 2094 733 2162 qui
744 2091 885 2145 Pannoni-

77 2178 123 2217 am
136 2162 332 2244 praesidebat,
351 2163 496 2233 legionem,
515 2163 627 2231 ipseque
637 2180 651 2215 e
658 2160 801 2232 provincia
811 2163 884 2212 lecta

77 2232 194 2296 anneta,
201 2248 254 2299 pro
263 2231 325 2298 ripn
336 2239 514 2299 componeret,
529 2231 647 2283 subsidio
656 2230 744 2293 victis,
760 2237 788 2281 et
797 2238 884 2281 terro·

76 2318 134 2355 rem
145 2302 271 2354 adversus
281 2297 406 2364 emtores,
420 2317 462 2365 nc,
476 2301 682 2371 fortune'eiati,
692 2306 812 2353 nostram
822 2310 884 2363 qno·

29 2389 37 2397 ’
76 2388 127 2442 que
133 2386 229 2440 pacem
240 2369 392 2423 turbarent.
411 2386 475 2420 nam
485 2372 528 2421 vis
537 2368 786 2436 innumerabygii,
797 2366 882 2417 nlice-

78 2456 132 2511 que
152 2445 253 2508 gentes
274 2439 479 2503 adventabant,
499 2438 576 2489 fama
595 2438 662 2490 ditis
683 2434 787 2505 Regni,
808 2432 884 2503 qnod

77 2510 305 2565 Vannius'XXX.
318 2524 467 2575 perannos
478 2507 710 2577 praedationibus
721 2511 752 2557 et
761 2506 883 2575 vectiga-¹

78 2580 153 2633 libus
163 2583 291 2631 suxerat.
326 2580 384 2645 Ipsi
395 2592 495 2630 monus
509 2576 626 2644 propria
637 2574 757 2644 pedites,
769 2584 856 2638 eques
868 2582 884 2620 e

80 2647 375 2770 Sspmstpslapygibm
388 2651 459 2711 erat,
469 2646 552 2723 inpar
560 2642 736 2765 multithdini
746 2637 883 2691 bostium:

141 2730 187 2770 scr
207 2730 240 2769 vu
