<?xml version="1.0" encoding="UTF-8"?>
<!DOCTYPE html PUBLIC "-//W3C//DTD XHTML 1.0 Transitional//EN"
    "http://www.w3.org/TR/xhtml1/DTD/xhtml1-transitional.dtd">
<html xmlns="http://www.w3.org/1999/xhtml" xml:lang="en" lang="en">
 <head>
  <title>
</title>
<meta http-equiv="Content-Type" content="text/html;charset=utf-8" />
  <meta name='ocr-system' content='tesseract 3.04.00' />
  <meta name='ocr-capabilities' content='ocr_page ocr_carea ocr_par ocr_line ocrx_word'/>
</head>
<body>
  <div class='ocr_page' id='page_1' title='image "./ccorneliitaciti00socigoog/ccorneliitaciti00socigoog_0746.png"; bbox 0 0 2034 3025; ppageno 0'>
   <div class='ocr_carea' id='block_1_1' title="bbox 173 58 852 143">
    <p class='ocr_par' dir='ltr' id='par_1_1' title="bbox 173 58 852 143">
     <span class='ocr_line' id='line_1_1' title="bbox 173 58 852 143; baseline 0.018 -24"><span class='ocrx_word' id='word_1_1' title='bbox 173 78 180 87; x_wconf 54' lang='grc'><em>’</em></span> <span class='ocrx_word' id='word_1_2' title='bbox 227 58 445 143; x_wconf 73' lang='lat' dir='ltr'>nrfnnoovs</span> <span class='ocrx_word' id='word_1_3' title='bbox 464 70 548 139; x_wconf 78' lang='lat' dir='ltr'>cnr.</span> <span class='ocrx_word' id='word_1_4' title='bbox 565 71 607 123; x_wconf 80' lang='lat' dir='ltr'>ro.</span> <span class='ocrx_word' id='word_1_5' title='bbox 624 72 668 125; x_wconf 82' lang='lat'>21.</span> <span class='ocrx_word' id='word_1_6' title='bbox 766 58 770 87; x_wconf 82' lang='lat'>⁸</span> <span class='ocrx_word' id='word_1_7' title='bbox 800 74 852 141; x_wconf 72' lang='lat'>315</span> 
     </span>
    </p>
   </div>
   <div class='ocr_carea' id='block_1_2' title="bbox 30 145 919 2678">
    <p class='ocr_par' dir='ltr' id='par_1_2' title="bbox 30 145 919 2678">
     <span class='ocr_line' id='line_1_2' title="bbox 32 145 847 166; baseline -0.005 -3"><span class='ocrx_word' id='word_1_8' title='bbox 32 145 847 166; x_wconf 72' lang='grc'>...-.-...-..-..--..-.-.....-...</span> 
     </span>
     <span class='ocr_line' id='line_1_3' title="bbox 30 176 850 250; baseline 0.006 -21"><span class='ocrx_word' id='word_1_9' title='bbox 30 180 82 250; x_wconf 90' lang='lat' dir='ltr'>qui</span> <span class='ocrx_word' id='word_1_10' title='bbox 97 176 248 244; x_wconf 83' lang='lat' dir='ltr'>profectus</span> <span class='ocrx_word' id='word_1_11' title='bbox 258 177 302 227; x_wconf 90' lang='lat' dir='ltr'>sui</span> <span class='ocrx_word' id='word_1_12' title='bbox 313 190 412 227; x_wconf 79' lang='lat' dir='ltr'>caussa</span> <span class='ocrx_word' id='word_1_13' title='bbox 423 180 553 227; x_wconf 85' lang='lat' dir='ltr'>oratores</span> <span class='ocrx_word' id='word_1_14' title='bbox 561 183 722 242; x_wconf 81' lang='lat' dir='ltr'>sectantur,</span> <span class='ocrx_word' id='word_1_15' title='bbox 739 197 794 232; x_wconf 89' lang='lat' dir='ltr'>non</span> <span class='ocrx_word' id='word_1_16' title='bbox 806 197 850 236; x_wconf 84' lang='lat' dir='ltr'>so·</span> 
     </span>
     <span class='ocr_line' id='line_1_4' title="bbox 30 244 850 315; baseline 0.002 -18"><span class='ocrx_word' id='word_1_17' title='bbox 30 252 91 301; x_wconf 85' lang='lat' dir='ltr'>lum</span> <span class='ocrx_word' id='word_1_18' title='bbox 104 248 224 308; x_wconf 85' lang='lat' dir='ltr'>audire,</span> <span class='ocrx_word' id='word_1_19' title='bbox 242 245 293 298; x_wconf 85' lang='lat' dir='ltr'>sed</span> <span class='ocrx_word' id='word_1_20' title='bbox 309 246 394 296; x_wconf 87' lang='lat' dir='ltr'>etiam</span> <span class='ocrx_word' id='word_1_21' title='bbox 410 244 518 296; x_wconf 85' lang='lat' dir='ltr'>referre</span> <span class='ocrx_word' id='word_1_22' title='bbox 534 246 645 297; x_wconf 91' lang='lat' dir='ltr'>domum</span> <span class='ocrx_word' id='word_1_23' title='bbox 663 245 769 315; x_wconf 84' lang='lat' dir='ltr'>aliquid</span> <span class='ocrx_word' id='word_1_24' title='bbox 780 250 850 313; x_wconf 86' lang='lat' dir='ltr'>inlu·</span> 
     </span>
     <span class='ocr_line' id='line_1_5' title="bbox 30 315 848 383; baseline -0.001 -14"><span class='ocrx_word' id='word_1_25' title='bbox 30 323 94 369; x_wconf 86' lang='lat' dir='ltr'>stre</span> <span class='ocrx_word' id='word_1_26' title='bbox 106 322 140 367; x_wconf 89' lang='lat' dir='ltr'>et</span> <span class='ocrx_word' id='word_1_27' title='bbox 150 316 267 383; x_wconf 85' lang='lat' dir='ltr'>dignum</span> <span class='ocrx_word' id='word_1_28' title='bbox 277 317 415 367; x_wconf 84' lang='lat' dir='ltr'>memoria</span> <span class='ocrx_word' id='word_1_29' title='bbox 424 315 536 365; x_wconf 68' lang='lat' dir='ltr'>volunta</span> <span class='ocrx_word' id='word_1_30' title='bbox 547 315 848 381; x_wconf 80' lang='lat' dir='ltr'>traduntqueinvioem</span> 
     </span>
     <span class='ocr_line' id='line_1_6' title="bbox 30 384 849 452; baseline 0 -13"><span class='ocrx_word' id='word_1_31' title='bbox 30 403 67 440; x_wconf 86' lang='lat' dir='ltr'>ac</span> <span class='ocrx_word' id='word_1_32' title='bbox 79 401 173 452; x_wconf 80' lang='lat' dir='ltr'>saepe</span> <span class='ocrx_word' id='word_1_33' title='bbox 184 388 214 435; x_wconf 93' lang='lat' dir='ltr'>in</span> <span class='ocrx_word' id='word_1_34' title='bbox 224 384 348 435; x_wconf 81' lang='lat' dir='ltr'>colonias</span> <span class='ocrx_word' id='word_1_35' title='bbox 359 399 392 434; x_wconf 85' lang='lat' dir='ltr'>ao</span> <span class='ocrx_word' id='word_1_36' title='bbox 402 384 559 451; x_wconf 81' lang='lat' dir='ltr'>provincias</span> <span class='ocrx_word' id='word_1_37' title='bbox 569 399 634 434; x_wconf 85' lang='lat' dir='ltr'>suas</span> <span class='ocrx_word' id='word_1_38' title='bbox 645 386 779 447; x_wconf 79' lang='lat' dir='ltr'>scribunt,</span> <span class='ocrx_word' id='word_1_39' title='bbox 791 387 849 439; x_wconf 84' lang='lat' dir='ltr'>sive</span> 
     </span>
     <span class='ocr_line' id='line_1_7' title="bbox 30 452 849 520; baseline -0.005 -11"><span class='ocrx_word' id='word_1_40' title='bbox 30 471 144 509; x_wconf 86' lang='lat' dir='ltr'>sensus</span> <span class='ocrx_word' id='word_1_41' title='bbox 154 455 255 519; x_wconf 87' lang='lat' dir='ltr'>aliquis</span> <span class='ocrx_word' id='word_1_42' title='bbox 266 458 368 520; x_wconf 81' lang='lat' dir='ltr'>arguta</span> <span class='ocrx_word' id='word_1_43' title='bbox 379 460 408 503; x_wconf 87' lang='lat' dir='ltr'>et</span> <span class='ocrx_word' id='word_1_44' title='bbox 419 454 497 504; x_wconf 78' lang='lat' dir='ltr'>brevi</span> <span class='ocrx_word' id='word_1_45' title='bbox 509 454 652 503; x_wconf 85' lang='lat' dir='ltr'>sententio</span> <span class='ocrx_word' id='word_1_46' title='bbox 664 452 779 515; x_wconf 84' lang='lat' dir='ltr'>effulsit,</span> <span class='ocrx_word' id='word_1_47' title='bbox 792 455 849 505; x_wconf 83' lang='lat' dir='ltr'>sive</span> 
     </span>
     <span class='ocr_line' id='line_1_8' title="bbox 30 522 849 591; baseline -0.004 -14"><span class='ocrx_word' id='word_1_48' title='bbox 30 527 119 578; x_wconf 80' lang='lat' dir='ltr'>loeus</span> <span class='ocrx_word' id='word_1_49' title='bbox 138 522 282 590; x_wconf 72' lang='lat' dir='ltr'>exquisito</span> <span class='ocrx_word' id='word_1_50' title='bbox 301 527 330 573; x_wconf 86' lang='lat' dir='ltr'>et</span> <span class='ocrx_word' id='word_1_51' title='bbox 346 524 457 588; x_wconf 83' lang='lat' dir='ltr'>poetico</span> <span class='ocrx_word' id='word_1_52' title='bbox 476 522 554 573; x_wconf 91' lang='lat' dir='ltr'>cultu</span> <span class='ocrx_word' id='word_1_53' title='bbox 571 524 683 573; x_wconf 84' lang='lat' dir='ltr'>enituit.</span> <span class='ocrx_word' id='word_1_54' title='bbox 719 523 849 591; x_wconf 75' lang='lat' dir='ltr'>Erigitur</span> 
     </span>
     <span class='ocr_line' id='line_1_9' title="bbox 32 592 849 658; baseline -0.007 -11"><span class='ocrx_word' id='word_1_55' title='bbox 32 596 114 647; x_wconf 91' lang='lat' dir='ltr'>enim</span> <span class='ocrx_word' id='word_1_56' title='bbox 127 595 185 646; x_wconf 85' lang='lat' dir='ltr'>iam</span> <span class='ocrx_word' id='word_1_57' title='bbox 197 594 232 643; x_wconf 81' lang='lat' dir='ltr'>ab</span> <span class='ocrx_word' id='word_1_58' title='bbox 245 597 359 642; x_wconf 86' lang='lat' dir='ltr'>oratore</span> <span class='ocrx_word' id='word_1_59' title='bbox 375 593 460 641; x_wconf 82' lang='lat' dir='ltr'>etiam</span> <span class='ocrx_word' id='word_1_60' title='bbox 476 593 603 658; x_wconf 80' lang='lat' dir='ltr'>poeticus</span> <span class='ocrx_word' id='word_1_61' title='bbox 615 592 714 655; x_wconf 87' lang='lat' dir='ltr'>decor,</span> <span class='ocrx_word' id='word_1_62' title='bbox 736 592 849 642; x_wconf 89' lang='lat' dir='ltr'>nonllt·</span> 
     </span>
     <span class='ocr_line' id='line_1_10' title="bbox 31 661 891 728; baseline -0.003 -14"><span class='ocrx_word' id='word_1_63' title='bbox 31 666 69 714; x_wconf 92' lang='lat' dir='ltr'>tii</span> <span class='ocrx_word' id='word_1_64' title='bbox 82 667 136 713; x_wconf 84' lang='lat' dir='ltr'>aut</span> <span class='ocrx_word' id='word_1_65' title='bbox 148 662 264 712; x_wconf 85' lang='lat' dir='ltr'>Pacuvii</span> <span class='ocrx_word' id='word_1_66' title='bbox 275 665 391 711; x_wconf 83' lang='lat' dir='ltr'>veterno</span> <span class='ocrx_word' id='word_1_67' title='bbox 403 661 575 728; x_wconf 86' lang='lat' dir='ltr'>inquinatus,</span> <span class='ocrx_word' id='word_1_68' title='bbox 587 661 637 712; x_wconf 87' lang='lat' dir='ltr'>sed</span> <span class='ocrx_word' id='word_1_69' title='bbox 650 676 684 711; x_wconf 88' lang='lat' dir='ltr'>ex</span> <span class='ocrx_word' id='word_1_70' title='bbox 696 661 808 713; x_wconf 83' lang='lat' dir='ltr'>Horatii</span> <span class='ocrx_word' id='word_1_71' title='bbox 821 666 850 711; x_wconf 90' lang='lat' dir='ltr'>et</span> <span class='ocrx_word' id='word_1_72' title='bbox 882 669 891 679; x_wconf 78' lang='grc'><strong>’</strong></span> 
     </span>
     <span class='ocr_line' id='line_1_11' title="bbox 31 730 860 798; baseline -0.002 -14"><span class='ocrx_word' id='word_1_73' title='bbox 31 732 154 798; x_wconf 83' lang='lat' dir='ltr'>Virgilii</span> <span class='ocrx_word' id='word_1_74' title='bbox 167 736 197 782; x_wconf 86' lang='lat' dir='ltr'>et</span> <span class='ocrx_word' id='word_1_75' title='bbox 212 730 316 781; x_wconf 78' lang='lat' dir='ltr'>Lucani</span> <span class='ocrx_word' id='word_1_76' title='bbox 331 733 454 796; x_wconf 81' lang='lat' dir='ltr'>sacrario</span> <span class='ocrx_word' id='word_1_77' title='bbox 470 730 604 797; x_wconf 80' lang='lat' dir='ltr'>prolatus.</span> <span class='ocrx_word' id='word_1_78' title='bbox 641 730 748 783; x_wconf 83' lang='lat' dir='ltr'>Horum</span> <span class='ocrx_word' id='word_1_79' title='bbox 765 732 860 797; x_wconf 82' lang='lat' dir='ltr'>igitur</span> 
     </span>
     <span class='ocr_line' id='line_1_12' title="bbox 35 797 865 867; baseline -0.011 -15"><span class='ocrx_word' id='word_1_80' title='bbox 35 802 157 852; x_wconf 86' lang='lat' dir='ltr'>auribus</span> <span class='ocrx_word' id='word_1_81' title='bbox 168 805 197 852; x_wconf 89' lang='lat' dir='ltr'>et</span> <span class='ocrx_word' id='word_1_82' title='bbox 206 800 314 851; x_wconf 87' lang='lat' dir='ltr'>iudiciis</span> <span class='ocrx_word' id='word_1_83' title='bbox 326 799 520 867; x_wconf 82' lang='lat' dir='ltr'>obtemperans</span> <span class='ocrx_word' id='word_1_84' title='bbox 536 797 694 851; x_wconf 80' lang='lat' dir='ltr'>nostrorum</span> <span class='ocrx_word' id='word_1_85' title='bbox 706 805 849 851; x_wconf 84' lang='lat' dir='ltr'>oratorum</span> <span class='ocrx_word' id='word_1_86' title='bbox 861 828 865 843; x_wconf 76' lang='lat'>.</span> 
     </span>
     <span class='ocr_line' id='line_1_13' title="bbox 35 868 849 937; baseline -0.005 -16"><span class='ocrx_word' id='word_1_87' title='bbox 35 876 128 934; x_wconf 83' lang='lat' dir='ltr'>aetas,</span> <span class='ocrx_word' id='word_1_88' title='bbox 146 870 270 937; x_wconf 83' lang='lat' dir='ltr'><strong>pulcrior</strong></span> <span class='ocrx_word' id='word_1_89' title='bbox 284 876 313 923; x_wconf 87' lang='lat' dir='ltr'>et</span> <span class='ocrx_word' id='word_1_90' title='bbox 327 871 453 921; x_wconf 88' lang='lat' dir='ltr'>ornatior</span> <span class='ocrx_word' id='word_1_91' title='bbox 468 871 584 922; x_wconf 79' lang='lat' dir='ltr'>exstitit.</span> <span class='ocrx_word' id='word_1_92' title='bbox 621 868 716 937; x_wconf 86' lang='lat' dir='ltr'>Neque</span> <span class='ocrx_word' id='word_1_93' title='bbox 726 869 789 921; x_wconf 90' lang='lat' dir='ltr'>ideo</span> <span class='ocrx_word' id='word_1_94' title='bbox 802 869 849 918; x_wconf 84' lang='lat' dir='ltr'>mi-</span> 
     </span>
     <span class='ocr_line' id='line_1_14' title="bbox 35 938 849 1006; baseline -0.006 -14"><span class='ocrx_word' id='word_1_95' title='bbox 35 956 91 992; x_wconf 91' lang='lat' dir='ltr'>nus</span> <span class='ocrx_word' id='word_1_96' title='bbox 103 940 232 992; x_wconf 83' lang='lat' dir='ltr'>efficaces</span> <span class='ocrx_word' id='word_1_97' title='bbox 243 946 309 990; x_wconf 87' lang='lat' dir='ltr'>sunt</span> <span class='ocrx_word' id='word_1_98' title='bbox 327 941 471 991; x_wconf 83' lang='lat' dir='ltr'>orationes</span> <span class='ocrx_word' id='word_1_99' title='bbox 491 946 620 1001; x_wconf 85' lang='lat' dir='ltr'>nostrae,</span> <span class='ocrx_word' id='word_1_100' title='bbox 639 942 705 1006; x_wconf 91' lang='lat' dir='ltr'>quia</span> <span class='ocrx_word' id='word_1_101' title='bbox 720 938 755 989; x_wconf 83' lang='lat' dir='ltr'>ad</span> <span class='ocrx_word' id='word_1_102' title='bbox 767 952 849 988; x_wconf 82' lang='lat' dir='ltr'>aures</span> 
     </span>
     <span class='ocr_line' id='line_1_15' title="bbox 36 1008 850 1075; baseline -0.007 -14"><span class='ocrx_word' id='word_1_103' title='bbox 36 1011 225 1061; x_wconf 85' lang='lat' dir='ltr'>iudicantium</span> <span class='ocrx_word' id='word_1_104' title='bbox 240 1024 302 1060; x_wconf 88' lang='lat' dir='ltr'>cum</span> <span class='ocrx_word' id='word_1_105' title='bbox 316 1008 461 1074; x_wconf 78' lang='lat' dir='ltr'>voluptate</span> <span class='ocrx_word' id='word_1_106' title='bbox 475 1009 649 1075; x_wconf 76' lang='lat' dir='ltr'>perveniunt.</span> <span class='ocrx_word' id='word_1_107' title='bbox 684 1008 755 1068; x_wconf 76' lang='lat' dir='ltr'>Quid</span> <span class='ocrx_word' id='word_1_108' title='bbox 768 1008 850 1069; x_wconf 90' lang='lat' dir='ltr'>enim,</span> 
     </span>
     <span class='ocr_line' id='line_1_16' title="bbox 36 1073 917 1143; baseline -0.003 -14"><span class='ocrx_word' id='word_1_109' title='bbox 36 1082 60 1130; x_wconf 83' lang='lat' dir='ltr'>si</span> <span class='ocrx_word' id='word_1_110' title='bbox 78 1080 235 1129; x_wconf 82' lang='lat' dir='ltr'>infirmiora</span> <span class='ocrx_word' id='word_1_111' title='bbox 250 1076 348 1126; x_wconf 92' lang='lat' dir='ltr'>horum</span> <span class='ocrx_word' id='word_1_112' title='bbox 363 1075 521 1142; x_wconf 81' lang='lat' dir='ltr'>temporum</span> <span class='ocrx_word' id='word_1_113' title='bbox 536 1073 641 1141; x_wconf 84' lang='lat' dir='ltr'>templa</span> <span class='ocrx_word' id='word_1_114' title='bbox 656 1074 766 1137; x_wconf 80' lang='lat' dir='ltr'>eredas,</span> <span class='ocrx_word' id='word_1_115' title='bbox 786 1078 850 1143; x_wconf 85' lang='lat' dir='ltr'>quia</span> <span class='ocrx_word' id='word_1_116' title='bbox 915 1110 917 1115; x_wconf 68' lang='lat'>,</span> 
     </span>
     <span class='ocr_line' id='line_1_17' title="bbox 37 1134 871 1211; baseline -0.002 -12"><span class='ocrx_word' id='word_1_117' title='bbox 37 1162 96 1199; x_wconf 92' lang='lat' dir='ltr'>non</span> <span class='ocrx_word' id='word_1_118' title='bbox 112 1146 178 1199; x_wconf 84' lang='lat' dir='ltr'>rudi</span> <span class='ocrx_word' id='word_1_119' title='bbox 194 1152 338 1197; x_wconf 80' lang='lat' dir='ltr'>caemento</span> <span class='ocrx_word' id='word_1_120' title='bbox 354 1150 383 1197; x_wconf 87' lang='lat' dir='ltr'>et</span> <span class='ocrx_word' id='word_1_121' title='bbox 395 1144 565 1196; x_wconf 82' lang='lat' dir='ltr'>informibus</span> <span class='ocrx_word' id='word_1_122' title='bbox 582 1145 683 1211; x_wconf 84' lang='lat' dir='ltr'>tegulis</span> <span class='ocrx_word' id='word_1_123' title='bbox 705 1134 850 1196; x_wconf 78' lang='lat' dir='ltr'>exstriun·</span> <span class='ocrx_word' id='word_1_124' title='bbox 867 1180 871 1197; x_wconf 50' lang='grc' dir='ltr'>ι</span> 
     </span>
     <span class='ocr_line' id='line_1_18' title="bbox 37 1212 888 1281; baseline -0.007 -13"><span class='ocrx_word' id='word_1_125' title='bbox 37 1223 96 1281; x_wconf 83' lang='lat' dir='ltr'>tur,</span> <span class='ocrx_word' id='word_1_126' title='bbox 106 1216 157 1268; x_wconf 86' lang='lat' dir='ltr'>sed</span> <span class='ocrx_word' id='word_1_127' title='bbox 169 1230 307 1270; x_wconf 87' lang='lat' dir='ltr'>marmore</span> <span class='ocrx_word' id='word_1_128' title='bbox 318 1215 409 1278; x_wconf 77' lang='lat' dir='ltr'>nitent</span> <span class='ocrx_word' id='word_1_129' title='bbox 419 1219 448 1265; x_wconf 83' lang='lat' dir='ltr'>ei</span> <span class='ocrx_word' id='word_1_130' title='bbox 458 1229 528 1265; x_wconf 81' lang='lat' dir='ltr'>auro</span> <span class='ocrx_word' id='word_1_131' title='bbox 540 1212 702 1265; x_wconf 77' lang='lat' dir='ltr'>radianturl</span> <span class='ocrx_word' id='word_1_132' title='bbox 886 1228 888 1233; x_wconf 61' lang='lat'><strong><em>¹</em></strong></span> 
     </span>
     <span class='ocr_line' id='line_1_19' title="bbox 90 1279 849 1352; baseline -0.005 -15"><span class='ocrx_word' id='word_1_133' title='bbox 90 1286 167 1338; x_wconf 86' lang='lat' dir='ltr'>XXl.</span> <span class='ocrx_word' id='word_1_134' title='bbox 187 1284 322 1352; x_wconf 85' lang='lat' dir='ltr'>Equidem</span> <span class='ocrx_word' id='word_1_135' title='bbox 337 1279 454 1335; x_wconf 79' lang='lat' dir='ltr'>&#39;fatebor</span> <span class='ocrx_word' id='word_1_136' title='bbox 467 1284 545 1335; x_wconf 87' lang='lat' dir='ltr'>vobis</span> <span class='ocrx_word' id='word_1_137' title='bbox 565 1282 741 1348; x_wconf 86' lang='lat' dir='ltr'>simpliciter,</span> <span class='ocrx_word' id='word_1_138' title='bbox 760 1298 805 1336; x_wconf 89' lang='lat' dir='ltr'>me</span> <span class='ocrx_word' id='word_1_139' title='bbox 820 1285 849 1333; x_wconf 88' lang='lat' dir='ltr'>in</span> 
     </span>
     <span class='ocr_line' id='line_1_20' title="bbox 40 1352 850 1425; baseline -0.002 -19"><span class='ocrx_word' id='word_1_140' title='bbox 40 1355 206 1425; x_wconf 86' lang='lat' dir='ltr'>quibusdam</span> <span class='ocrx_word' id='word_1_141' title='bbox 212 1355 395 1418; x_wconf 86' lang='lat' dir='ltr'>&#39;antiquorum</span> <span class='ocrx_word' id='word_1_142' title='bbox 406 1354 451 1403; x_wconf 82' lang='lat' dir='ltr'>vix</span> <span class='ocrx_word' id='word_1_143' title='bbox 461 1355 563 1415; x_wconf 85' lang='lat' dir='ltr'>risum,</span> <span class='ocrx_word' id='word_1_144' title='bbox 584 1353 612 1402; x_wconf 87' lang='lat' dir='ltr'>in</span> <span class='ocrx_word' id='word_1_145' title='bbox 628 1352 791 1420; x_wconf 75' lang='lat' dir='ltr'>quibusdam</span> <span class='ocrx_word' id='word_1_146' title='bbox 803 1367 850 1404; x_wconf 85' lang='lat' dir='ltr'>au·</span> 
     </span>
     <span class='ocr_line' id='line_1_21' title="bbox 39 1419 849 1487; baseline -0.006 -12"><span class='ocrx_word' id='word_1_147' title='bbox 39 1431 98 1475; x_wconf 90' lang='lat' dir='ltr'>tem</span> <span class='ocrx_word' id='word_1_148' title='bbox 107 1426 153 1474; x_wconf 83' lang='lat' dir='ltr'>vix</span> <span class='ocrx_word' id='word_1_149' title='bbox 167 1436 312 1484; x_wconf 88' lang='lat' dir='ltr'>somnum,</span> <span class='ocrx_word' id='word_1_150' title='bbox 331 1426 437 1473; x_wconf 87' lang='lat' dir='ltr'>tenere.</span> <span class='ocrx_word' id='word_1_151' title='bbox 474 1419 533 1473; x_wconf 85' lang='lat' dir='ltr'>Neo</span> <span class='ocrx_word' id='word_1_152' title='bbox 544 1436 628 1471; x_wconf 89' lang='lat' dir='ltr'>unum</span> <span class='ocrx_word' id='word_1_153' title='bbox 639 1421 674 1473; x_wconf 87' lang='lat' dir='ltr'>de</span> <span class='ocrx_word' id='word_1_154' title='bbox 684 1420 849 1487; x_wconf 72' lang='lat' dir='ltr'>populoca·</span> 
     </span>
     <span class='ocr_line' id='line_1_22' title="bbox 41 1483 849 1558; baseline -0.001 -13"><span class='ocrx_word' id='word_1_155' title='bbox 41 1495 151 1545; x_wconf 92' lang='lat' dir='ltr'>nutium</span> <span class='ocrx_word' id='word_1_156' title='bbox 170 1497 220 1544; x_wconf 91' lang='lat' dir='ltr'>aut</span> <span class='ocrx_word' id='word_1_157' title='bbox 239 1492 352 1546; x_wconf 79' lang='lat' dir='ltr'>Arrium</span> <span class='ocrx_word' id='word_1_158' title='bbox 372 1491 542 1544; x_wconf 80' lang='lat' dir='ltr'>Furniumve</span> <span class='ocrx_word' id='word_1_159' title='bbox 562 1491 726 1554; x_wconf 85' lang='lat' dir='ltr'>nominabo,</span> <span class='ocrx_word' id='word_1_160' title='bbox 747 1483 849 1558; x_wconf 77' lang='lat' dir='ltr'>quique</span> 
     </span>
     <span class='ocr_line' id='line_1_23' title="bbox 41 1559 848 1625; baseline -0.006 -9"><span class='ocrx_word' id='word_1_161' title='bbox 41 1566 103 1617; x_wconf 81' lang='lat' dir='ltr'>aliis</span> <span class='ocrx_word' id='word_1_162' title='bbox 116 1565 145 1614; x_wconf 87' lang='lat' dir='ltr'>iu</span> <span class='ocrx_word' id='word_1_163' title='bbox 160 1562 260 1614; x_wconf 89' lang='lat' dir='ltr'>eodem</span> <span class='ocrx_word' id='word_1_164' title='bbox 274 1560 479 1625; x_wconf 78' lang='lat' dir='ltr'>valetudinario</span> <span class='ocrx_word' id='word_1_165' title='bbox 495 1559 565 1613; x_wconf 78' lang='lat' dir='ltr'>liaeo</span> <span class='ocrx_word' id='word_1_166' title='bbox 583 1577 647 1614; x_wconf 84' lang='lat' dir='ltr'>ossa</span> <span class='ocrx_word' id='word_1_167' title='bbox 662 1567 691 1612; x_wconf 90' lang='lat' dir='ltr'>et</span> <span class='ocrx_word' id='word_1_168' title='bbox 705 1559 777 1612; x_wconf 87' lang='lat' dir='ltr'>hono</span> <span class='ocrx_word' id='word_1_169' title='bbox 793 1577 848 1612; x_wconf 88' lang='lat' dir='ltr'>ma·</span> 
     </span>
     <span class='ocr_line' id='line_1_24' title="bbox 42 1630 871 1701; baseline -0.011 -12"><span class='ocrx_word' id='word_1_170' title='bbox 42 1636 110 1689; x_wconf 78' lang='lat' dir='ltr'>ciem</span> <span class='ocrx_word' id='word_1_171' title='bbox 122 1634 249 1701; x_wconf 69' lang='lat' dir='ltr'>probant</span> <span class='ocrx_word' id='word_1_172' title='bbox 278 1631 340 1698; x_wconf 84' lang='lat' dir='ltr'>lpse</span> <span class='ocrx_word' id='word_1_173' title='bbox 350 1630 417 1682; x_wconf 81' lang='lat' dir='ltr'>mihi</span> <span class='ocrx_word' id='word_1_174' title='bbox 428 1631 540 1694; x_wconf 81' lang='lat' dir='ltr'>Calvus,</span> <span class='ocrx_word' id='word_1_175' title='bbox 552 1647 615 1682; x_wconf 87' lang='lat' dir='ltr'>oum</span> <span class='ocrx_word' id='word_1_176' title='bbox 629 1646 713 1682; x_wconf 92' lang='lat' dir='ltr'>unum</span> <span class='ocrx_word' id='word_1_177' title='bbox 724 1635 753 1683; x_wconf 85' lang='lat' dir='ltr'>et</span> <span class='ocrx_word' id='word_1_178' title='bbox 763 1633 849 1697; x_wconf 79' lang='lat' dir='ltr'>vigin-</span> <span class='ocrx_word' id='word_1_179' title='bbox 869 1661 871 1664; x_wconf 95' lang='lat'>-</span> 
     </span>
     <span class='ocr_line' id='line_1_25' title="bbox 41 1700 849 1770; baseline -0.006 -13"><span class='ocrx_word' id='word_1_180' title='bbox 41 1708 73 1769; x_wconf 86' lang='lat' dir='ltr'>ti,</span> <span class='ocrx_word' id='word_1_181' title='bbox 90 1710 212 1770; x_wconf 87' lang='lat' dir='ltr'>utputo,</span> <span class='ocrx_word' id='word_1_182' title='bbox 232 1701 321 1753; x_wconf 82' lang='lat' dir='ltr'>libros</span> <span class='ocrx_word' id='word_1_183' title='bbox 340 1702 498 1767; x_wconf 84' lang='lat' dir='ltr'>reliquerit,</span> <span class='ocrx_word' id='word_1_184' title='bbox 520 1703 564 1750; x_wconf 86' lang='lat' dir='ltr'>vix</span> <span class='ocrx_word' id='word_1_185' title='bbox 579 1702 607 1750; x_wconf 93' lang='lat' dir='ltr'>in</span> <span class='ocrx_word' id='word_1_186' title='bbox 624 1715 680 1753; x_wconf 87' lang='lat' dir='ltr'>una</span> <span class='ocrx_word' id='word_1_187' title='bbox 695 1706 744 1751; x_wconf 84' lang='lat' dir='ltr'>aut</span> <span class='ocrx_word' id='word_1_188' title='bbox 759 1700 849 1752; x_wconf 80' lang='lat' dir='ltr'>altero</span> 
     </span>
     <span class='ocr_line' id='line_1_26' title="bbox 43 1769 848 1828; baseline -0.01 0"><span class='ocrx_word' id='word_1_189' title='bbox 43 1773 218 1828; x_wconf 82' lang='lat' dir='ltr'>oratiuncula</span> <span class='ocrx_word' id='word_1_190' title='bbox 227 1771 373 1822; x_wconf 82' lang='lat' dir='ltr'>satisfacit.</span> <span class='ocrx_word' id='word_1_191' title='bbox 402 1785 455 1823; x_wconf 83' lang='lat' dir='ltr'>neo</span> <span class='ocrx_word' id='word_1_192' title='bbox 471 1771 618 1822; x_wconf 81' lang='lat' dir='ltr'>dissentire</span> <span class='ocrx_word' id='word_1_193' title='bbox 630 1776 738 1822; x_wconf 86' lang='lat' dir='ltr'>eeteros</span> <span class='ocrx_word' id='word_1_194' title='bbox 749 1769 783 1820; x_wconf 88' lang='lat' dir='ltr'>ab</span> <span class='ocrx_word' id='word_1_195' title='bbox 795 1769 848 1820; x_wconf 86' lang='lat' dir='ltr'>hoo</span> 
     </span>
     <span class='ocr_line' id='line_1_27' title="bbox 42 1837 847 1910; baseline -0.009 -12"><span class='ocrx_word' id='word_1_196' title='bbox 42 1844 216 1898; x_wconf 84' lang='lat' dir='ltr'>meoiudicio</span> <span class='ocrx_word' id='word_1_197' title='bbox 228 1841 319 1893; x_wconf 79' lang='lat' dir='ltr'>video.</span> <span class='ocrx_word' id='word_1_198' title='bbox 338 1845 439 1910; x_wconf 85' lang='lat' dir='ltr'>quotus</span> <span class='ocrx_word' id='word_1_199' title='bbox 450 1840 525 1890; x_wconf 87' lang='lat' dir='ltr'>enim</span> <span class='ocrx_word' id='word_1_200' title='bbox 537 1840 650 1906; x_wconf 79' lang='lat' dir='ltr'>quisque</span> <span class='ocrx_word' id='word_1_201' title='bbox 662 1838 740 1893; x_wconf 74' lang='lat' dir='ltr'>Calvi</span> <span class='ocrx_word' id='word_1_202' title='bbox 750 1837 778 1888; x_wconf 90' lang='lat' dir='ltr'>in</span> <span class='ocrx_word' id='word_1_203' title='bbox 790 1838 847 1891; x_wconf 78' lang='lat' dir='ltr'>Asi.-</span> 
     </span>
     <span class='ocr_line' id='line_1_28' title="bbox 43 1906 847 1977; baseline -0.012 -8"><span class='ocrx_word' id='word_1_204' title='bbox 43 1918 113 1969; x_wconf 86' lang='lat' dir='ltr'>tium</span> <span class='ocrx_word' id='word_1_205' title='bbox 131 1920 179 1966; x_wconf 84' lang='lat' dir='ltr'>aut</span> <span class='ocrx_word' id='word_1_206' title='bbox 197 1915 227 1968; x_wconf 89' lang='lat' dir='ltr'>in</span> <span class='ocrx_word' id='word_1_207' title='bbox 238 1912 362 1964; x_wconf 77' lang='lat' dir='ltr'>Drusum</span> <span class='ocrx_word' id='word_1_208' title='bbox 381 1908 468 1977; x_wconf 76' lang='lat' dir='ltr'>legiti</span> <span class='ocrx_word' id='word_1_209' title='bbox 486 1914 516 1961; x_wconf 81' lang='lat' dir='ltr'>at</span> <span class='ocrx_word' id='word_1_210' title='bbox 526 1909 649 1961; x_wconf 84' lang='lat' dir='ltr'>Hercule</span> <span class='ocrx_word' id='word_1_211' title='bbox 664 1909 693 1959; x_wconf 91' lang='lat' dir='ltr'>in</span> <span class='ocrx_word' id='word_1_212' title='bbox 704 1906 847 1960; x_wconf 90' lang='lat' dir='ltr'>hominum</span> 
     </span>
     <span class='ocr_line' id='line_1_29' title="bbox 43 1978 847 2047; baseline -0.007 -10"><span class='ocrx_word' id='word_1_213' title='bbox 43 1986 229 2039; x_wconf 83' lang='lat' dir='ltr'>studiosorum</span> <span class='ocrx_word' id='word_1_214' title='bbox 244 1981 372 2033; x_wconf 88' lang='lat' dir='ltr'>manibus</span> <span class='ocrx_word' id='word_1_215' title='bbox 387 1985 534 2032; x_wconf 79' lang='lat' dir='ltr'>versantur</span> <span class='ocrx_word' id='word_1_216' title='bbox 551 1978 757 2044; x_wconf 84' lang='lat' dir='ltr'>adcusationee,</span> <span class='ocrx_word' id='word_1_217' title='bbox 777 1992 847 2047; x_wconf 78' lang='lat' dir='ltr'>quae</span> 
     </span>
     <span class='ocr_line' id='line_1_30' title="bbox 43 2048 847 2116; baseline -0.01 -7"><span class='ocrx_word' id='word_1_218' title='bbox 43 2059 74 2109; x_wconf 88' lang='lat' dir='ltr'>iu</span> <span class='ocrx_word' id='word_1_219' title='bbox 83 2055 224 2108; x_wconf 82' lang='lat' dir='ltr'>Vatinium</span> <span class='ocrx_word' id='word_1_220' title='bbox 243 2053 485 2103; x_wconf 82' lang='lat' dir='ltr'>inscribunturoc</span> <span class='ocrx_word' id='word_1_221' title='bbox 506 2049 654 2116; x_wconf 65' lang='lat' dir='ltr'>praecipue</span> <span class='ocrx_word' id='word_1_222' title='bbox 674 2048 796 2102; x_wconf 85' lang='lat' dir='ltr'>secunda</span> <span class='ocrx_word' id='word_1_223' title='bbox 811 2059 847 2101; x_wconf 81' lang='lat' dir='ltr'>ex</span> 
     </span>
     <span class='ocr_line' id='line_1_31' title="bbox 31 2119 846 2182; baseline -0.01 -6"><span class='ocrx_word' id='word_1_224' title='bbox 31 2142 32 2149; x_wconf 54' lang='lat'>¹</span> <span class='ocrx_word' id='word_1_225' title='bbox 45 2125 88 2176; x_wconf 87' lang='lat' dir='ltr'>his</span> <span class='ocrx_word' id='word_1_226' title='bbox 98 2123 208 2174; x_wconf 47' lang='lat' dir='ltr'>oratio*</span> <span class='ocrx_word' id='word_1_227' title='bbox 221 2127 264 2172; x_wconf 82' lang='lat' dir='ltr'>est</span> <span class='ocrx_word' id='word_1_228' title='bbox 273 2122 347 2172; x_wconf 86' lang='lat' dir='ltr'>enim</span> <span class='ocrx_word' id='word_1_229' title='bbox 357 2120 449 2172; x_wconf 82' lang='lat' dir='ltr'>verbis</span> <span class='ocrx_word' id='word_1_230' title='bbox 460 2124 559 2170; x_wconf 86' lang='lat' dir='ltr'>ornata</span> <span class='ocrx_word' id='word_1_231' title='bbox 570 2126 598 2172; x_wconf 89' lang='lat' dir='ltr'>et</span> <span class='ocrx_word' id='word_1_232' title='bbox 608 2121 763 2182; x_wconf 85' lang='lat' dir='ltr'>sententiis,</span> <span class='ocrx_word' id='word_1_233' title='bbox 774 2119 846 2170; x_wconf 86' lang='lat' dir='ltr'>auri-</span> 
     </span>
     <span class='ocr_line' id='line_1_32' title="bbox 46 2188 919 2258; baseline -0.009 -13"><span class='ocrx_word' id='word_1_234' title='bbox 46 2195 147 2258; x_wconf 87' lang='lat' dir='ltr'>busque</span> <span class='ocrx_word' id='word_1_235' title='bbox 157 2191 277 2242; x_wconf 84' lang='lat' dir='ltr'>iudicum</span> <span class='ocrx_word' id='word_1_236' title='bbox 288 2188 514 2240; x_wconf 68' lang='lat' dir='ltr'>adcommodatas</span> <span class='ocrx_word' id='word_1_237' title='bbox 532 2195 564 2239; x_wconf 89' lang='lat' dir='ltr'>ut</span> <span class='ocrx_word' id='word_1_238' title='bbox 574 2191 659 2254; x_wconf 82' lang='lat' dir='ltr'>scias,</span> <span class='ocrx_word' id='word_1_239' title='bbox 680 2191 768 2255; x_wconf 87' lang='lat' dir='ltr'>ipsum</span> <span class='ocrx_word' id='word_1_240' title='bbox 780 2203 846 2256; x_wconf 93' lang='lat' dir='ltr'>quo·</span> <span class='ocrx_word' id='word_1_241' title='bbox 911 2228 919 2237; x_wconf 68' lang='grc'><strong>,</strong></span> 
     </span>
     <span class='ocr_line' id='line_1_33' title="bbox 48 2254 845 2331; baseline -0.006 -18"><span class='ocrx_word' id='word_1_242' title='bbox 48 2278 99 2331; x_wconf 87' lang='lat' dir='ltr'>que</span> <span class='ocrx_word' id='word_1_243' title='bbox 110 2261 221 2312; x_wconf 80' lang='lat' dir='ltr'>Calvum</span> <span class='ocrx_word' id='word_1_244' title='bbox 231 2258 416 2320; x_wconf 78' lang='lat' dir='ltr'>intellexisse,</span> <span class='ocrx_word' id='word_1_245' title='bbox 435 2257 502 2324; x_wconf 88' lang='lat' dir='ltr'>quid</span> <span class='ocrx_word' id='word_1_246' title='bbox 519 2258 618 2310; x_wconf 88' lang='lat' dir='ltr'>melius</span> <span class='ocrx_word' id='word_1_247' title='bbox 630 2264 716 2318; x_wconf 83' lang='lat' dir='ltr'>osset,</span> <span class='ocrx_word' id='word_1_248' title='bbox 736 2254 788 2312; x_wconf 82' lang='lat' dir='ltr'>nec</span> <span class='ocrx_word' id='word_1_249' title='bbox 800 2271 845 2308; x_wconf 85' lang='lat' dir='ltr'>vo·</span> 
     </span>
     <span class='ocr_line' id='line_1_34' title="bbox 48 2325 844 2394; baseline -0.009 -11"><span class='ocrx_word' id='word_1_250' title='bbox 48 2335 186 2392; x_wconf 83' lang='lat' dir='ltr'>luntatem,</span> <span class='ocrx_word' id='word_1_251' title='bbox 197 2329 263 2394; x_wconf 82' lang='lat' dir='ltr'>quin</span> <span class='ocrx_word' id='word_1_252' title='bbox 274 2327 420 2385; x_wconf 79' lang='lat' dir='ltr'>sublimius</span> <span class='ocrx_word' id='word_1_253' title='bbox 430 2331 459 2378; x_wconf 89' lang='lat' dir='ltr'>et</span> <span class='ocrx_word' id='word_1_254' title='bbox 469 2325 571 2377; x_wconf 89' lang='lat' dir='ltr'>cultius</span> <span class='ocrx_word' id='word_1_255' title='bbox 583 2329 695 2388; x_wconf 89' lang='lat' dir='ltr'>diceret,</span> <span class='ocrx_word' id='word_1_256' title='bbox 710 2326 760 2378; x_wconf 89' lang='lat' dir='ltr'>sed</span> <span class='ocrx_word' id='word_1_257' title='bbox 770 2327 844 2392; x_wconf 83' lang='lat' dir='ltr'>inge</span> 
     </span>
     <span class='ocr_line' id='line_1_35' title="bbox 49 2391 844 2459; baseline -0.008 -7"><span class='ocrx_word' id='word_1_258' title='bbox 49 2403 121 2452; x_wconf 89' lang='lat' dir='ltr'>nium</span> <span class='ocrx_word' id='word_1_259' title='bbox 131 2415 161 2450; x_wconf 83' lang='lat' dir='ltr'>ac</span> <span class='ocrx_word' id='word_1_260' title='bbox 170 2399 253 2459; x_wconf 82' lang='lat' dir='ltr'>vires,</span> <span class='ocrx_word' id='word_1_261' title='bbox 269 2395 400 2446; x_wconf 81' lang='lat' dir='ltr'>defuisse.</span> <span class='ocrx_word' id='word_1_262' title='bbox 436 2391 527 2456; x_wconf 66' lang='lat' dir='ltr'>Quid?</span> <span class='ocrx_word' id='word_1_263' title='bbox 547 2411 580 2446; x_wconf 85' lang='lat' dir='ltr'>ex</span> <span class='ocrx_word' id='word_1_264' title='bbox 593 2397 731 2446; x_wconf 85' lang='lat' dir='ltr'>Coelionis</span> <span class='ocrx_word' id='word_1_265' title='bbox 742 2397 844 2447; x_wconf 84' lang='lat' dir='ltr'>oratio·</span> 
     </span>
     <span class='ocr_line' id='line_1_36' title="bbox 49 2465 843 2532; baseline -0.01 -10"><span class='ocrx_word' id='word_1_266' title='bbox 49 2468 142 2523; x_wconf 60' lang='lat' dir='ltr'>nibus?</span> <span class='ocrx_word' id='word_1_267' title='bbox 158 2482 254 2532; x_wconf 84' lang='lat' dir='ltr'>nempe</span> <span class='ocrx_word' id='word_1_268' title='bbox 264 2465 318 2521; x_wconf 85' lang='lat' dir='ltr'>hae</span> <span class='ocrx_word' id='word_1_269' title='bbox 329 2466 447 2530; x_wconf 80' lang='lat' dir='ltr'>placent,</span> <span class='ocrx_word' id='word_1_270' title='bbox 457 2465 482 2514; x_wconf 88' lang='lat' dir='ltr'>si</span> <span class='ocrx_word' id='word_1_271' title='bbox 492 2479 547 2514; x_wconf 92' lang='lat' dir='ltr'>non</span> <span class='ocrx_word' id='word_1_272' title='bbox 559 2465 718 2527; x_wconf 81' lang='lat' dir='ltr'>universae,</span> <span class='ocrx_word' id='word_1_273' title='bbox 739 2468 768 2514; x_wconf 86' lang='lat' dir='ltr'>at</span> <span class='ocrx_word' id='word_1_274' title='bbox 784 2479 843 2530; x_wconf 83' lang='lat' dir='ltr'>par-</span> 
     </span>
     <span class='ocr_line' id='line_1_37' title="bbox 49 2528 842 2602; baseline -0.011 -9"><span class='ocrx_word' id='word_1_275' title='bbox 49 2548 203 2600; x_wconf 82' lang='lat' dir='ltr'>testarum,</span> <span class='ocrx_word' id='word_1_276' title='bbox 222 2537 252 2586; x_wconf 87' lang='lat' dir='ltr'>in</span> <span class='ocrx_word' id='word_1_277' title='bbox 269 2535 367 2602; x_wconf 89' lang='lat' dir='ltr'>quibos</span> <span class='ocrx_word' id='word_1_278' title='bbox 384 2528 503 2584; x_wconf 85' lang='lat' dir='ltr'>nitorem</span> <span class='ocrx_word' id='word_1_279' title='bbox 516 2540 544 2586; x_wconf 90' lang='lat' dir='ltr'>et</span> <span class='ocrx_word' id='word_1_280' title='bbox 558 2533 734 2585; x_wconf 78' lang='lat' dir='ltr'>altitudinum</span> <span class='ocrx_word' id='word_1_281' title='bbox 745 2532 842 2584; x_wconf 89' lang='lat' dir='ltr'>horum</span> 
     </span>
     <span class='ocr_line' id='line_1_38' title="bbox 51 2602 843 2678; baseline -0.014 -14"><span class='ocrx_word' id='word_1_282' title='bbox 51 2618 195 2678; x_wconf 81' lang='lat' dir='ltr'>temporum</span> <span class='ocrx_word' id='word_1_283' title='bbox 215 2604 416 2673; x_wconf 77' lang='lat' dir='ltr'>adgnoscimus.</span> <span class='ocrx_word' id='word_1_284' title='bbox 463 2602 566 2655; x_wconf 83' lang='lat' dir='ltr'>Sordes</span> <span class='ocrx_word' id='word_1_285' title='bbox 586 2609 678 2656; x_wconf 85' lang='lat' dir='ltr'>autem</span> <span class='ocrx_word' id='word_1_286' title='bbox 698 2603 843 2656; x_wconf 73' lang='lat' dir='ltr'>verborum</span> 
     </span>
    </p>
   </div>
   <div class='ocr_carea' id='block_1_3' title="bbox 0 0 1039 3025">
    <p class='ocr_par' dir='ltr' id='par_1_3' title="bbox 0 0 1039 3025">
     <span class='ocr_line' id='line_1_39' title="bbox 0 0 1039 3025; baseline 0 0"><span class='ocrx_word' id='word_1_287' title='bbox 0 0 1039 3025; x_wconf 95' lang='lat' dir='ltr'> </span> 
     </span>
    </p>
   </div>
  </div>
 </body>
</html>
