2034 3025
154 136 190 193 on
213 142 216 145 ⁴
281 105 510 197 snnnmvu
530 95 845 208 [A.v.772.·A.c.„‚]

81 297 92 303 ,
155 243 288 305 amicitia,
304 242 447 296 disseruit:
472 243 604 298 Vtendum
618 254 722 298 eventu.
757 246 893 309 Pisonem,
914 263 971 299 non

106 350 110 354 ·
158 312 290 375 Sentium,
303 311 399 382 Syriae
405 315 606 381 praepositura:
617 314 681 367 Iiuic
686 315 780 386 fasces
791 325 818 367 et
827 316 871 367 ius
884 316 971 367 Prae·

158 380 243 446 corte,
261 381 324 435 huic
344 382 461 452 legiones
481 384 570 436 datae.
598 383 622 435 si
642 386 708 451 qued
725 384 821 437 hostile
839 391 970 453 ingruat,

159 468 240 521 paam
254 451 353 503 iustine
362 450 447 505 arma'
457 454 655 521 oppositarum,
676 454 723 522 qni
732 453 836 521 Legati
846 452 969 506 auctori·
1013 508 1014 511 ,

158 530 253 584 tatem,
272 529 300 593 et
307 521 422 590 propria
432 520 562 575 mandata
573 524 726 591 acceperit?
751 522 969 591 Relinquendum
1008 558 1014 565 -

159 592 243 652 etiam
262 592 415 643 cursoribus
435 601 546 659 tempas,
567 607 618 657 quo
636 600 788 659 senescant,
808 595 969 661 plerumque

157 661 313 714 innocentes
324 661 427 714 recenti
436 661 553 714 incidiae
564 661 689 729 impares.
727 660 775 723 At,
786 660 811 712 ai
821 670 912 714 teneat
922 678 968 714 ca·

158 730 283 792 ercitum,
294 740 398 798 augeat
407 730 485 794 niret,
505 733 601 793 nescita,
622 745 689 800 quae
696 731 836 800 prouideri
846 747 899 783 non
904 747 971 797 pos·

158 800 225 862 sint,
239 799 363 870 fortuito
373 799 403 852 in
413 799 507 852 melius
518 816 625 853 casura.
662 800 707 853 An
716 799 892 872 festinamus,
906 808 969 853 curn

163 868 320 923 Germanici
330 868 464 922 cineribus
475 870 622 937 adpellere,
642 879 675 921 nt
689 879 716 922 te
725 869 880 923 inauditum
889 877 917 921 et
925 869 970 923 in·

159 938 300 1008 &sensura
310 940 439 1006 planctus
448 936 633 1008 Agrippinae,
653 955 686 991 ac
695 941 792 1009 vulgus
802 938 970 1007 imperitam,

114 1014 117 1017 ’
157 1008 247 1075 primo
256 1024 364 1060 rurreore
373 1008 504 1075 rapiant?
514 1006 568 1061 Est
578 1008 630 1060 tibi
640 1007 783 1079 Arcgurtae
794 1008 969 1072 conscientia,

160 1085 203 1130 eet
215 1074 341 1130 Caesarie
351 1079 446 1149 saror,
466 1078 514 1129 na
520 1078 550 1129 in
561 1080 678 1131 occulto:
696 1086 723 1132 et
730 1076 843 1146 periisse
856 1079 970 1133 Geraia·

83 1158 88 1165 ‘
159 1146 251 1201 nuum
260 1146 489 1203 nuttiiactantiue
498 1154 627 1214 moerent,
642 1163 721 1218 paam
732 1146 780 1217 qni
789 1146 904 1202 inanime
914 1148 970 1198 tae·

161 1225 268 1269 tantm.
786 1252 788 1255 -

215 1286 368 1340 Lxxvm.
386 1286 472 1340 Haud
481 1303 584 1357 magna
594 1287 669 1341 mois
678 1287 757 1350 Piso,
776 1284 971 1354 promptnsfe'·

161 1356 284 1419 rocibus,
302 1358 331 1406 in
346 1360 515 1409 sententiam
530 1357 663 1410 trahitur=
683 1359 829 1423 missisque
840 1356 876 1407 ad
886 1357 971 1407 'rihe-

161 1428 237 1478 rium
253 1426 376 1492 epistolis
395 1427 504 1478 incusat
522 1427 711 1481 Gernranicurn
731 1428 812 1479 tunna
830 1433 859 1477 et
879 1441 974 1493 supcr-

164 1494 225 1548 iriae
231 1513 243 1557 ;
260 1512 339 1563 reque
354 1498 475 1564 pertram,
494 1505 529 1549 ut
543 1498 617 1550 Iocus
629 1496 709 1556 reieci
726 1495 801 1550 nonis
817 1494 974 1565 patefieret,

165 1567 405 1619 curannxercitur
415 1566 576 1636 eademflde,
596 1565 787 1633 pertinuerit,
807 1565 974 1634 repetivisse.

123 1639 126 1644 '
166 1635 256 1705 Simul
265 1636 434 1699 Domitium,
453 1639 614 1703 impositum
627 1639 744 1699 triremi,
761 1635 850 1687 citare
861 1633 975 1689 litorum

166 1720 253 1768 mam,
265 1714 429 1773 praeterque
438 1704 543 1757 insulas
553 1707 610 1758 lato
620 1705 692 1758 errari
697 1713 813 1774 pergere
823 1703 852 1756 in
864 1702 975 1772 Syriam

165 1774 253 1825 iubet.
272 1780 471 1826 concurrentes
488 1774 648 1827 desertores
667 1791 719 1842 per
735 1773 890 1840 manipulos
901 1788 975 1824 com·

164 1843 254 1964 {⁰¹¹it'
269 1850 361 1894 armat
370 1844 450 1894 lixas.
467 1845 647 1912 traiectisque
657 1847 686 1896 in
697 1847 886 1896 continentem
898 1844 976 1894 navi·

186 1912 360 1963 usvexilium
370 1915 493 1964 tironum
508 1916 537 1976 in
549 1913 660 1982 Syriam
679 1915 802 1967 euntium
823 1913 975 1977 intercipit.

164 1981 279 2048 Regubs
291 1980 415 2045 Cilicum,
425 1990 457 2057 pt
466 1999 493 2035 se
503 1983 617 2036 auxiliis
627 1984 761 2046 iurarent,
772 1981 881 2042 scribit3
897 1979 975 2033 haud

76 2062 80 2066 ⁴
164 2053 266 2117 ἱςιιεινο
278 2051 313 2101 ad
324 2052 478 2104 ministeria
487 2053 554 2104 belli
565 2055 665 2118 iurene
674 2053 786 2114 Pisone,
804 2064 974 2118 quamquam

166 2120 371 2186 suscipiendum
380 2122 486 2174 bellurn
497 2123 650 2175 abnuisset.
951 2135 953 2143 ·

218 2189 343 2242 LXXIX.
354 2191 444 2258 Igitur
454 2207 532 2244 oram
542 2191 648 2260 Lyciae
659 2207 691 2244 ac
700 2187 882 2256 Pamphyliae
892 2201 973 2254 prae·

164 2260 300 2327 legentes,
312 2260 400 2312 obviis
411 2262 537 2325 navibus,
553 2277 624 2328 quae
634 2262 811 2329 Agrippinam
821 2257 974 2319 vehebant,

164 2329 305 2396 utrimque
315 2328 430 2393 infensi,
451 2346 530 2382 arma
539 2335 628 2397 primo
639 2331 801 2397 expediere:
821 2326 895 2396 dein,
913 2339 974 2376 mu·

166 2402 218 2448 tua
236 2395 399 2462 formidine,
425 2414 481 2450 non
500 2401 576 2464 ultra
593 2403 714 2468 iurgium
735 2409 895 2462 processum
917 2397 975 2445 est:

167 2466 333 2535 Marsusque
343 2467 440 2520 Vibius
451 2471 590 2519 nuntiavit
600 2467 702 2531 Pisoni,
715 2465 878 2517 Remanent
887 2461 977 2514 eiicere·

168 2535 230 2587 dam
240 2552 350 2588 caucam
359 2537 472 2592 veniret.
509 2538 560 2589 llle
571 2537 685 2588 eludens
696 2534 849 2602 respondit,
859 2530 977 2602 adficta·

167 2621 238 2669 rann,
256 2605 304 2658 abi
313 2606 443 2671 Praetor,
461 2605 509 2675 qui
519 2605 550 2657 rie
560 2604 695 2687 ceneyiciis
705 2610 858 2672 quaereret,
876 2616 922 2652 reo
932 2607 979 2652 ct·

167 2691 219 2743 pue
229 2675 432 2734 accusatoribus
447 2675 516 2731 diem
526 2673 717 2743 praedixisset.
753 2673 868 2725 {nterim
878 2669 982 2723 Domi-
