2034 3025
136 73 191 130 mr
275 73 306 126 c.
328 71 571 159 coen—reuma
589 29 774 128 ricinus

136 176 275 225 ninantur.
294 172 376 237 nigra
386 174 474 229 scuta,
485 170 575 219 tincta
584 182 710 234 corpora.
726 166 930 234 atresadproe·
1002 181 1004 211 i

134 241 176 295 iia
192 247 288 308 noctes
303 239 414 308 legunt:
433 239 550 305 ipsoque
569 236 721 303 formidine
741 242 826 305 atque
839 237 933 290 umbre
1002 220 1003 279 i

135 309 234 363 ierniis
250 311 393 361 exercitus
409 312 547 359 terrorem
564 305 703 368 inierunt,
723 306 801 358 nulio
815 304 932 370 hostium

136 380 296 434 sustinente
304 391 406 430 novum
416 391 448 427 ec
456 373 682 439 veintiufern'um
691 373 862 442 adspectum.
873 389 934 426 nam

134 440 219 570 primi
236 449 265 498 in
282 447 411 499 omnibus
432 445 547 514 proeliis
558 444 631 496 oculi
651 445 810 497 vincuntur.
846 445 933 495 Trans

160 520 244 585 ygios
260 515 387 568 Gotones
407 519 572 582 regnantur,
591 513 686 582 paullo
706 515 760 564 iam
783 513 935 576 adductius,

136 601 219 655 quam
232 590 343 637 ceterae
355 584 559 636 Germanorum
570 588 686 652 gentes,
705 583 829 633 nondum
842 589 933 634 tamen

135 670 222 722 snpra
241 655 412 706 libertatem.
449 652 582 703 Protinus
598 651 700 719 deiupe
714 652 750 702 ab
761 652 872 704 Oceano
883 652 933 702 Ru·

136 726 193 792 gii,
213 733 242 775 et
257 723 398 776 Lemovii:
418 723 598 790 omniumque
614 719 712 771 harum
728 723 856 788 gentium
871 721 934 771 iusi·

136 809 201 861 gne,
216 791 339 843 rotunda
348 797 437 854 scuta,
450 791 553 842 breues
563 789 658 858 gladii,
669 795 699 841 et
710 805 780 856 erga
790 791 881 858 Reges
891 789 935 842 ob·

135 875 273 926 sequium.

196 926 292 979 XLIV.
311 925 447 979 Suionum
462 925 529 979 hinc
543 928 685 990 civitates,
704 928 807 993 ipsein
820 927 939 990 Oceano,

135 1003 251 1068 praeter
261 999 336 1048 viros
349 1012 480 1062 armaque
491 997 628 1048 classibus
647 998 752 1048 valent.
788 995 880 1048 forma
894 1013 939 1048 na·

135 1069 211 1118 rium
224 1065 375 1129 canitiem,
397 1065 471 1134 quod
486 1067 627 1131 utrimque
641 1081 726 1132 prora
736 1073 861 1131 paratam
872 1081 939 1117 sem-

135 1149 188 1206 per
198 1135 326 1202 adpulsui
337 1134 460 1186 frontem
472 1137 540 1202 agit.
563 1150 616 1186 uec
625 1134 696 1185 veiis
707 1136 880 1198 ministrant,
890 1150 942 1187 uec

135 1219 231 1258 remos
247 1207 275 1254 in
293 1204 420 1256 ordinem
441 1203 579 1255 lateribus
599 1203 765 1270 adiungunt.
803 1203 943 1268 Solutum,

135 1279 169 1326 ut
177 1276 208 1324 in
219 1273 384 1341 quibusdam
396 1272 552 1336 fluminum,
569 1277 599 1324 et
607 1273 754 1335 mutabile,
796 1279 886 1324 utres
896 1289 943 1343 po·

137 1345 202 1408 seit,
216 1341 281 1394 hine
291 1343 336 1394 vel
345 1343 423 1392 illinc
433 1343 591 1410 remigium.
627 1343 680 1393 Est
690 1341 763 1408 opud
773 1342 836 1393 ilios
847 1347 877 1394 et
887 1344 944 1407 opi·

136 1413 189 1464 bus
200 1411 301 1474 honos,
312 1426 401 1480 eoque
413 1427 484 1462 unus
495 1413 649 1479 imperitat,
659 1411 743 1463 nullis
755 1412 810 1462 iam
821 1413 944 1476 exeepti-

138 1483 250 1545 onibus,
270 1496 327 1533 non
348 1481 476 1549 precario
496 1483 557 1533 iure
577 1481 704 1549 parendi.
732 1495 892 1542 reconna,
912 1486 945 1533 ut

89 1566 96 1579 ⁴
137 1551 213 1618 apud
229 1556 340 1603 ceteros
356 1551 526 1613 Germanos,
545 1552 575 1600 in
590 1552 758 1618 promiscuo,
777 1549 827 1601 sed
847 1549 946 1602 clausa

138 1623 190 1673 sub
202 1618 318 1672 custode
328 1625 359 1671 et
379 1620 490 1688 quidem
505 1635 599 1671 servo:
616 1620 684 1686 quia
694 1620 803 1670 subitos
819 1617 947 1670 hostium

136 1690 266 1741 incursus
282 1687 414 1757 prohibet
430 1689 569 1751 Oceanus,
590 1692 700 1741 otiosae
720 1702 805 1753 porro
821 1694 948 1739 armato·

93 1786 94 1789 ¹
136 1773 199 1811 rum
210 1774 309 1809 manus
320 1757 403 1810 facile
420 1758 579 1809 lasciviunt.
607 1758 949 1823 enimveronequenobi-

135 1826 203 1891 lem,
220 1843 312 1897 nequo
321 1830 482 1896 ingenuum,
497 1842 536 1885 ne
544 1828 707 1879 libertinum
717 1823 846 1894 quidem,
856 1828 950 1877 armis

137 1910 312 1964 praeponere
323 1898 413 1964 Regia
422 1896 531 1949 utilitas
543 1901 595 1947 est.
692 1898 695 1905 '

178 1964 264 2017 XLV.
275 1967 367 2016 Trans
378 1967 498 2017 Suionas
510 1964 586 2016 aliud
594 1979 682 2025 mare,
691 1964 802 2031 pigrum
813 1977 847 2013 ac
857 1978 952 2031 prope

60 2089 62 2093 ,
136 2035 293 2095 inmotum,
312 2048 366 2100 quo
382 2035 456 2102 cingi
473 2034 601 2101 cludique
618 2039 759 2084 terrarum
769 2033 868 2083 orbcnr
881 2031 953 2083 hinc

138 2102 221 2166 tides3
233 2100 307 2169 quod
318 2107 460 2153 extremus
471 2104 598 2155 cadentis
608 2102 664 2153 iam
675 2102 744 2153 solis
755 2100 852 2168 fulgor
861 2103 896 2152 iu
908 2118 953 2154 or·

137 2179 185 2225 tus
197 2170 379 2223 emiratadeo
390 2171 492 2238 clerus,
503 2178 536 2224 ut
546 2171 641 2227 sidera
650 2170 780 2231 hebetet3
792 2186 898 2223 senum
911 2174 954 2223 in·

138 2256 223 2307 super
241 2239 347 2303 audiris
367 2237 529 2311 formasque
542 2242 668 2293 Deorum
683 2246 713 2291 et
726 2239 821 2290 radios
843 2242 956 2310 capitis

138 2311 252 2375 adspiei,
262 2311 408 2374 persuasio
419 2310 524 2378 adiicit.
549 2311 619 2362 illuc
627 2324 717 2377 usquc
728 2312 771 2371 (et
781 2308 858 2360 fame
866 2312 956 2370 vera)

138 2382 248 2427 tanturn
263 2381 373 2428 natura.
409 2380 486 2445 Ergo
503 2380 558 2430 ianr
576 2378 677 2436 dextro
689 2378 801 2429 Sueviei
810 2383 906 2431 maris
922 2381 959 2432 ii-

137 2448 201 2493 tore
212 2446 380 2507 Aestyorum
395 2451 496 2511 gentes
512 2447 679 2499 adluuntur:
698 2448 799 2515 quibus
812 2450 893 2500 ritus
906 2448 959 2501 ha·

137 2509 269 2577 bitusque
290 2510 457 2575 Suevorum3
480 2516 591 2583 iiugua
609 2517 791 2570 Britannicae.
819 2521 961 2585 propior.

137 2574 258 2627 Matrem
268 2576 358 2627 Deum
377 2590 557 2635 venerentur.
591 2586 964 2653 insignesuperstitionis,
