2034 3025
107 63 163 124 ros
231 62 460 122 sunnnrvor
475 55 635 135 [nvo'sso.
653 64 793 138 aeos

116 145 916 171 *mnu—d

108 175 230 228 minibus
240 173 412 226 exoletorum
422 173 645 243 feminarumque
655 180 684 228 et
693 177 819 229 novitate
827 180 922 231 cuins⁴

107 244 928 382 tltbtterhttlhttttttsstttttltt

131 383 244 436 oricula.

110 397 130 451 P
163 449 229 505 XX.
248 451 404 520 Ambigenti
418 447 533 514 Neroni,
552 465 673 521 quonam
691 453 776 508 modo
794 454 920 510 noctium

111 537 225 574 suarum
235 522 347 588 ingenia
356 525 543 585 notescerent,
558 521 676 575 offertur
686 523 764 590 Silia,
774 525 919 577 matrimo.

111 592 160 644 nio
170 590 315 644 senatoris
330 589 405 642 haud
419 590 531 658 ignota,
550 597 579 644 et
592 593 644 660 ipsi
659 594 816 651 sdonnnem
826 593 921 646 libidi-

112 676 177 714 nem
187 660 304 723 adscita,
320 671 353 711 ac
361 658 496 712 Petronio
506 676 641 730 perquam
651 661 808 716 familiaris.
826 665 920 732 agitur

111 731 142 785 iu
152 728 290 792 exsilium,
298 732 441 797 nmquam
471 743 507 782 on
518 731 648 795 siluisset,
659 747 731 800 quae
740 733 849 785 rideret
857 747 922 799 per·

112 798 285 866 tuleratque,
303 801 418 865 proprio
439 746 512 865 chio.
547 801 582 853 dt
592 801 746 854 Minucium
756 801 921 867 Thermum,
946 818 947 821 ¹

113 868 249 920 Praetura
271 865 418 932 mactum,
443 869 575 938 Tigellini
594 869 784 924 simultatibus
805 872 924 924 dedidits

113 936 180 1005 quia
189 935 307 989 libertus
317 935 433 990 Thermi
443 939 581 1006 quaedam
591 939 625 993 de
635 940 776 1008 Tigellino
792 942 925 992 crimino·

113 1005 308 1071 sedetulerat,
318 1021 390 1074 quae
404 1010 572 1060 eruciatibus
581 1015 786 1065 tormentorum
797 1012 866 1079 ipse,
874 1024 924 1078 pa·

113 1078 285 1131 tronus'eius
296 1091 364 1129 nece
376 1079 507 1130 inmerlta
515 1078 616 1144 lueret.

108 1195 111 1203 Α
173 1145 249 1197 XXI.
268 1145 425 1198 Trucidatis
440 1152 484 1198 tot
497 1148 651 1214 insignibus
666 1149 743 1212 viris,
763 1145 798 1199 ad
812 1154 923 1214 postne.

113 1229 192 1268 mum
201 1214 275 1268 Nero
284 1217 512 1283 virtutemiusam
525 1217 686 1268 exscindere
696 1218 861 1282 concupivit,
877 1218 923 1268 in·

115 1284 238 1340 terfecto
249 1283 376 1338 Thrasea
385 1284 471 1338 Paeto
481 1289 510 1338 et
519 1284 612 1338 Barea
621 1284 744 1350 Sorano,
760 1285 827 1338 olim
837 1287 925 1337 utris·

53 1397 57 1401 a
115 1371 171 1425 que
186 1354 324 1420 infensus,
344 1360 373 1409 et
386 1355 579 1410 accedentibus
594 1358 700 1408 caussis
713 1357 743 1408 in
754 1354 924 1409 Thraseams

115 1426 192 1494 quod
203 1424 309 1478 Senatu
318 1441 447 1494 egressus
457 1431 511 1490 est,
526 1441 588 1478 cum
599 1426 634 1479 de
644 1428 796 1495 Agrippina
805 1423 926 1478 reserre-

115 1502 178 1561 tur,
196 1501 230 1548 ut
244 1498 407 1550 memoravi:
425 1497 555 1566 quodque
570 1497 739 1551 iuvenalium
755 1497 861 1550 ludicro
878 1507 927 1577 pa·

117 1564 926 1701 Trlttltttttbttltssttttttttfftttt

118 1709 199 1756 ortus
209 1708 278 1766 erat,
288 1702 361 1754 ludis
371 1705 490 1766 cestieis,
504 1719 522 1755 a
532 1705 655 1757 Troiano
665 1704 805 1755 Antenore
815 1704 926 1755 institu·

119 1776 165 1836 tis,
175 1772 271 1823 habitu
280 1773 389 1839 tragico
399 1773 547 1839 cecinerat.
575 1771 620 1822 die
634 1786 759 1837 quoquo,
776 1784 830 1838 quo
842 1770 927 1821 Prae.

119 1848 167 1893 tor
176 1842 324 1902 Antistius,
343 1840 378 1891 ob
391 1841 493 1905 probra
506 1841 536 1891 in
549 1837 690 1892 Neronem
705 1840 870 1904 composita,
890 1839 927 1893 sd

118 1914 240 1970 mortem
260 1908 461 1972 damnabatur,
479 1909 593 1959 mitiora
611 1910 719 1959 censuit
738 1908 926 1977 obtinuitque:

120 1985 162 2043 et,
186 1992 249 2029 eum
273 1974 366 2028 Deum
390 1976 511 2028 honores
532 1975 677 2043 Poppaeae
702 1977 926 2041 decernerentur,

120 2052 221 2115 sponte
231 2046 339 2108 absens,
350 2044 445 2098 hiberi
452 2060 507 2096 nen
519 2044 655 2103 interfuit.
679 2049 757 2110 Quae
768 2047 926 2099 oblitterari

120 2131 178 2170 non
192 2115 302 2174 sinebat
312 2114 409 2181 Capito
420 2116 613 2178 Cossutianus,
632 2122 743 2183 praeter
758 2118 880 2168 animum
890 2114 926 2168 ad

120 2186 424 2254 flagitiapraecipitem,
439 2187 568 2238 inimicus
578 2184 734 2250 Thraseae,
749 2188 823 2255 quod
833 2191 926 2238 aucto·

120 2258 209 2313 ritate
219 2257 278 2307 eius
288 2254 461 2320 concidisset,
470 2257 590 2308 iuvantis
601 2255 716 2325 Cilicum
726 2256 843 2325 legatos,
861 2256 926 2307 dum

122 2326 284 2391 Capitonem
293 2326 511 2391 repetundarum
526 2328 711 2396 interrogant.
790 2384 794 2389 ,
978 2390 981 2395 ³

96 2402 99 2406 ’
173 2394 262 2447 xxu.
281 2395 356 2459 Quin
366 2400 395 2447 et
404 2396 454 2448 illa
463 2397 633 2448 oblectabat:
659 2394 798 2465 subripio
813 2392 926 2447 annisi·

121 2473 186 2517 tare
197 2463 347 2519 Thraseam
360 2466 474 2518 sollenne
489 2465 692 2519 iusiurandum:
722 2462 925 2531 assecurationi-

36 2567 40 2571 -
121 2535 169 2587 bus
179 2536 473 2599 sotorumnoncdesse,
492 2536 613 2603 qualevis
628 2532 868 2599 Quindecimciroli
879 2531 984 2623 dre„N

7 2617 11 2622 ·
120 2603 239 2663 eerdots‘o
249 2604 423 2675 posthum:
450 2621 588 2675 nonquam
599 2620 653 2675 pro
672 2606 760 2660 solete
775 2600 924 2671 Principis,
