<?xml version="1.0" encoding="UTF-8"?>
<!DOCTYPE html PUBLIC "-//W3C//DTD XHTML 1.0 Transitional//EN"
    "http://www.w3.org/TR/xhtml1/DTD/xhtml1-transitional.dtd">
<html xmlns="http://www.w3.org/1999/xhtml" xml:lang="en" lang="en">
 <head>
  <title>
</title>
<meta http-equiv="Content-Type" content="text/html;charset=utf-8" />
  <meta name='ocr-system' content='tesseract 3.04.00' />
  <meta name='ocr-capabilities' content='ocr_page ocr_carea ocr_par ocr_line ocrx_word'/>
</head>
<body>
  <div class='ocr_page' id='page_1' title='image "./ccorneliitaciti00socigoog_0175.png"; bbox 0 0 2034 3025; ppageno 0'>
   <div class='ocr_carea' id='block_1_1' title="bbox 157 110 963 289">
    <p class='ocr_par' dir='ltr' id='par_1_1' title="bbox 157 110 963 289">
     <span class='ocr_line' id='line_1_1' title="bbox 157 110 846 189; baseline -0.004 -12"><span class='ocrx_word' id='word_1_1' title='bbox 157 110 208 177; x_wconf 80' lang='lat'>&#39;158</span> <span class='ocrx_word' id='word_1_2' title='bbox 272 121 497 175; x_wconf 76' lang='lat' dir='ltr'><strong>naulorum</strong></span> <span class='ocrx_word' id='word_1_3' title='bbox 527 119 686 189; x_wconf 75' lang='lat' dir='ltr'><strong>[nunr-</strong></span> <span class='ocrx_word' id='word_1_4' title='bbox 705 118 846 189; x_wconf 77' lang='lat' dir='ltr'><strong>n.c.2l.]</strong></span> 
     </span>
     <span class='ocr_line' id='line_1_2' title="bbox 208 224 963 289; baseline -0.008 -12"><span class='ocrx_word' id='word_1_5' title='bbox 208 225 309 277; x_wconf 83' lang='lat' dir='ltr'><strong>xxxi.</strong></span> <span class='ocrx_word' id='word_1_6' title='bbox 330 224 384 274; x_wconf 85' lang='lat' dir='ltr'><strong>llis</strong></span> <span class='ocrx_word' id='word_1_7' title='bbox 395 230 451 274; x_wconf 87' lang='lat' dir='ltr'><strong>tam</strong></span> <span class='ocrx_word' id='word_1_8' title='bbox 463 226 595 288; x_wconf 80' lang='lat' dir='ltr'>adsiduis,</span> <span class='ocrx_word' id='word_1_9' title='bbox 605 232 716 289; x_wconf 88' lang='lat' dir='ltr'><strong>tamque</strong></span> <span class='ocrx_word' id='word_1_10' title='bbox 728 226 854 287; x_wconf 89' lang='lat' dir='ltr'><strong>maestis,</strong></span> <span class='ocrx_word' id='word_1_11' title='bbox 874 225 963 276; x_wconf 86' lang='lat' dir='ltr'><strong>modi.</strong></span> 
     </span>
    </p>
   </div>
   <div class='ocr_carea' id='block_1_2' title="bbox 94 293 971 2714">
    <p class='ocr_par' dir='ltr' id='par_1_2' title="bbox 94 293 971 2714">
     <span class='ocr_line' id='line_1_3' title="bbox 158 293 962 361; baseline -0.002 -13"><span class='ocrx_word' id='word_1_12' title='bbox 158 307 193 348; x_wconf 87' lang='lat' dir='ltr'><strong>ca</strong></span> <span class='ocrx_word' id='word_1_13' title='bbox 202 294 311 347; x_wconf 85' lang='lat' dir='ltr'><strong>laetitia</strong></span> <span class='ocrx_word' id='word_1_14' title='bbox 324 294 506 356; x_wconf 87' lang='lat' dir='ltr'><strong>interlicitur,</strong></span> <span class='ocrx_word' id='word_1_15' title='bbox 526 294 600 361; x_wconf 89' lang='lat' dir='ltr'><strong>quod</strong></span> <span class='ocrx_word' id='word_1_16' title='bbox 612 295 641 344; x_wconf 85' lang='lat' dir='ltr'><strong>C.</strong></span> <span class='ocrx_word' id='word_1_17' title='bbox 652 293 818 355; x_wconf 85' lang='lat' dir='ltr'><strong>Cominium,</strong></span> <span class='ocrx_word' id='word_1_18' title='bbox 840 296 962 360; x_wconf 77' lang='lat' dir='ltr'>equitem</span> 
     </span>
     <span class='ocr_line' id='line_1_4' title="bbox 156 363 964 428; baseline -0.001 -12"><span class='ocrx_word' id='word_1_19' title='bbox 156 366 326 425; x_wconf 84' lang='lat' dir='ltr'><strong>Romanum,</strong></span> <span class='ocrx_word' id='word_1_20' title='bbox 346 363 473 428; x_wconf 90' lang='lat' dir='ltr'><strong>probrosi</strong></span> <span class='ocrx_word' id='word_1_21' title='bbox 483 366 512 413; x_wconf 90' lang='lat' dir='ltr'><strong>in</strong></span> <span class='ocrx_word' id='word_1_22' title='bbox 527 379 557 413; x_wconf 91' lang='lat' dir='ltr'><strong>se</strong></span> <span class='ocrx_word' id='word_1_23' title='bbox 567 363 698 415; x_wconf 78' lang='lat' dir='ltr'>carminis</span> <span class='ocrx_word' id='word_1_24' title='bbox 708 364 877 426; x_wconf 82' lang='lat' dir='ltr'><strong>convictum,</strong></span> <span class='ocrx_word' id='word_1_25' title='bbox 898 364 964 415; x_wconf 82' lang='lat' dir='ltr'><strong>Cae-</strong></span> 
     </span>
     <span class='ocr_line' id='line_1_5' title="bbox 158 429 964 500; baseline 0 -16"><span class='ocrx_word' id='word_1_26' title='bbox 158 429 205 485; x_wconf 71' lang='lat' dir='ltr'><strong>sar</strong></span> <span class='ocrx_word' id='word_1_27' title='bbox 225 432 352 499; x_wconf 89' lang='lat' dir='ltr'><strong>precibus</strong></span> <span class='ocrx_word' id='word_1_28' title='bbox 374 431 482 495; x_wconf 82' lang='lat' dir='ltr'><strong>fratris,</strong></span> <span class='ocrx_word' id='word_1_29' title='bbox 512 434 558 500; x_wconf 91' lang='lat' dir='ltr'><strong>qul</strong></span> <span class='ocrx_word' id='word_1_30' title='bbox 579 431 698 483; x_wconf 83' lang='lat' dir='ltr'>Senator</span> <span class='ocrx_word' id='word_1_31' title='bbox 718 436 788 493; x_wconf 73' lang='lat' dir='ltr'><strong>erat,</strong></span> <span class='ocrx_word' id='word_1_32' title='bbox 818 436 964 485; x_wconf 79' lang='lat' dir='ltr'><strong>concessit.</strong></span> 
     </span>
     <span class='ocr_line' id='line_1_6' title="bbox 159 501 966 569; baseline 0.002 -16"><span class='ocrx_word' id='word_1_33' title='bbox 159 504 221 566; x_wconf 73' lang='lat' dir='ltr'><strong>Quo</strong></span> <span class='ocrx_word' id='word_1_34' title='bbox 232 502 321 568; x_wconf 68' lang='lat' dir='ltr'><strong>ringis</strong></span> <span class='ocrx_word' id='word_1_35' title='bbox 331 502 431 551; x_wconf 89' lang='lat' dir='ltr'><strong>mirum</strong></span> <span class='ocrx_word' id='word_1_36' title='bbox 443 501 610 564; x_wconf 80' lang='lat' dir='ltr'>habebatur,</span> <span class='ocrx_word' id='word_1_37' title='bbox 629 515 746 569; x_wconf 83' lang='lat' dir='ltr'><strong>gnarum</strong></span> <span class='ocrx_word' id='word_1_38' title='bbox 758 501 914 563; x_wconf 89' lang='lat' dir='ltr'><strong>meliorum,</strong></span> <span class='ocrx_word' id='word_1_39' title='bbox 936 510 966 555; x_wconf 84' lang='lat' dir='ltr'><strong>et</strong></span> 
     </span>
     <span class='ocr_line' id='line_1_7' title="bbox 158 570 965 640; baseline 0.002 -19"><span class='ocrx_word' id='word_1_40' title='bbox 158 586 230 640; x_wconf 86' lang='lat' dir='ltr'><strong>quae</strong></span> <span class='ocrx_word' id='word_1_41' title='bbox 250 570 325 626; x_wconf 81' lang='lat' dir='ltr'><strong>fania</strong></span> <span class='ocrx_word' id='word_1_42' title='bbox 346 570 523 621; x_wconf 88' lang='lat' dir='ltr'><strong>clementiam</strong></span> <span class='ocrx_word' id='word_1_43' title='bbox 542 577 713 637; x_wconf 81' lang='lat' dir='ltr'><strong>sequeretur,</strong></span> <span class='ocrx_word' id='word_1_44' title='bbox 733 570 859 621; x_wconf 74' lang='lat' dir='ltr'><strong>tristiore</strong></span> <span class='ocrx_word' id='word_1_45' title='bbox 872 572 965 623; x_wconf 88' lang='lat' dir='ltr'><strong>malle.</strong></span> 
     </span>
     <span class='ocr_line' id='line_1_8' title="bbox 158 640 965 707; baseline -0.002 -14"><span class='ocrx_word' id='word_1_46' title='bbox 158 641 342 707; x_wconf 88' lang='lat' dir='ltr'><strong>nequeenim</strong></span> <span class='ocrx_word' id='word_1_47' title='bbox 362 640 492 690; x_wconf 87' lang='lat' dir='ltr'><strong>socordia</strong></span> <span class='ocrx_word' id='word_1_48' title='bbox 512 640 659 705; x_wconf 83' lang='lat' dir='ltr'><strong>peccabat3</strong></span> <span class='ocrx_word' id='word_1_49' title='bbox 683 654 734 689; x_wconf 90' lang='lat' dir='ltr'><strong>nec</strong></span> <span class='ocrx_word' id='word_1_50' title='bbox 754 640 891 691; x_wconf 83' lang='lat' dir='ltr'><strong>occultum</strong></span> <span class='ocrx_word' id='word_1_51' title='bbox 911 647 965 705; x_wconf 86' lang='lat' dir='ltr'><strong>est,</strong></span> 
     </span>
     <span class='ocr_line' id='line_1_9' title="bbox 160 707 966 777; baseline 0.002 -18"><span class='ocrx_word' id='word_1_52' title='bbox 160 708 274 777; x_wconf 90' lang='lat' dir='ltr'><strong>quando</strong></span> <span class='ocrx_word' id='word_1_53' title='bbox 284 723 319 759; x_wconf 81' lang='lat' dir='ltr'><strong>ex</strong></span> <span class='ocrx_word' id='word_1_54' title='bbox 329 711 462 771; x_wconf 81' lang='lat' dir='ltr'><strong>veritate,</strong></span> <span class='ocrx_word' id='word_1_55' title='bbox 482 710 593 776; x_wconf 86' lang='lat' dir='ltr'><strong>quando</strong></span> <span class='ocrx_word' id='word_1_56' title='bbox 610 707 905 773; x_wconf 85' lang='lat' dir='ltr'><strong>adumbrataleetitia‚</strong></span> <span class='ocrx_word' id='word_1_57' title='bbox 925 709 966 761; x_wconf 81' lang='lat' dir='ltr'><strong>sa·</strong></span> 
     </span>
     <span class='ocr_line' id='line_1_10' title="bbox 160 778 966 847; baseline -0.002 -16"><span class='ocrx_word' id='word_1_58' title='bbox 160 784 207 831; x_wconf 86' lang='lat' dir='ltr'><strong>cta</strong></span> <span class='ocrx_word' id='word_1_59' title='bbox 222 778 423 842; x_wconf 82' lang='lat' dir='ltr'><strong>Imperatorum</strong></span> <span class='ocrx_word' id='word_1_60' title='bbox 441 779 625 830; x_wconf 74' lang='lat' dir='ltr'><strong>celebrentur.</strong></span> <span class='ocrx_word' id='word_1_61' title='bbox 663 778 727 846; x_wconf 89' lang='lat' dir='ltr'><strong>quin</strong></span> <span class='ocrx_word' id='word_1_62' title='bbox 737 779 808 843; x_wconf 87' lang='lat' dir='ltr'><strong>ipse,</strong></span> <span class='ocrx_word' id='word_1_63' title='bbox 829 781 966 847; x_wconf 88' lang='lat' dir='ltr'><strong>composi-</strong></span> 
     </span>
     <span class='ocr_line' id='line_1_11' title="bbox 127 847 967 911; baseline 0.001 -13"><span class='ocrx_word' id='word_1_64' title='bbox 127 850 131 854; x_wconf 77' lang='grc'><em>’</em></span> <span class='ocrx_word' id='word_1_65' title='bbox 157 854 206 898; x_wconf 87' lang='lat' dir='ltr'><strong>tus</strong></span> <span class='ocrx_word' id='word_1_66' title='bbox 225 847 303 909; x_wconf 86' lang='lat' dir='ltr'><strong>alias,</strong></span> <span class='ocrx_word' id='word_1_67' title='bbox 323 852 352 897; x_wconf 91' lang='lat' dir='ltr'><strong>et</strong></span> <span class='ocrx_word' id='word_1_68' title='bbox 369 847 446 897; x_wconf 86' lang='lat' dir='ltr'><strong>relut</strong></span> <span class='ocrx_word' id='word_1_69' title='bbox 465 848 644 898; x_wconf 71' lang='lat' dir='ltr'><strong>eluctarflum</strong></span> <span class='ocrx_word' id='word_1_70' title='bbox 665 848 826 911; x_wconf 77' lang='lat' dir='ltr'><strong>verborum,</strong></span> <span class='ocrx_word' id='word_1_71' title='bbox 845 849 967 899; x_wconf 90' lang='lat' dir='ltr'><strong>solutius</strong></span> 
     </span>
     <span class='ocr_line' id='line_1_12' title="bbox 158 915 967 984; baseline 0.004 -18"><span class='ocrx_word' id='word_1_72' title='bbox 158 918 368 984; x_wconf 78' lang='lat' dir='ltr'><strong>promptiusque</strong></span> <span class='ocrx_word' id='word_1_73' title='bbox 380 915 570 983; x_wconf 82' lang='lat' dir='ltr'><strong>eloquebatur,</strong></span> <span class='ocrx_word' id='word_1_74' title='bbox 591 917 718 983; x_wconf 88' lang='lat' dir='ltr'><strong>quotiens</strong></span> <span class='ocrx_word' id='word_1_75' title='bbox 729 917 897 969; x_wconf 76' lang='lat' dir='ltr'><strong>subveniret.</strong></span> <span class='ocrx_word' id='word_1_76' title='bbox 930 920 967 969; x_wconf 83' lang='lat' dir='ltr'><strong>nt</strong></span> 
     </span>
     <span class='ocr_line' id='line_1_13' title="bbox 160 984 966 1051; baseline 0.001 -14"><span class='ocrx_word' id='word_1_77' title='bbox 160 986 190 1037; x_wconf 83' lang='lat' dir='ltr'><strong>P.</strong></span> <span class='ocrx_word' id='word_1_78' title='bbox 201 984 331 1047; x_wconf 79' lang='lat' dir='ltr'><strong>suillum,</strong></span> <span class='ocrx_word' id='word_1_79' title='bbox 352 986 534 1048; x_wconf 62' lang='lat' dir='ltr'><strong>quaestorem</strong></span> <span class='ocrx_word' id='word_1_80' title='bbox 550 986 686 1044; x_wconf 87' lang='lat' dir='ltr'><strong>quondam</strong></span> <span class='ocrx_word' id='word_1_81' title='bbox 710 984 882 1051; x_wconf 78' lang='lat' dir='ltr'><strong>Germanici,</strong></span> <span class='ocrx_word' id='word_1_82' title='bbox 901 1003 966 1038; x_wconf 93' lang='lat' dir='ltr'><strong>cum</strong></span> 
     </span>
     <span class='ocr_line' id='line_1_14' title="bbox 158 1054 967 1121; baseline 0.002 -16"><span class='ocrx_word' id='word_1_83' title='bbox 158 1054 241 1106; x_wconf 87' lang='lat' dir='ltr'><strong>ltalia</strong></span> <span class='ocrx_word' id='word_1_84' title='bbox 261 1064 418 1117; x_wconf 75' lang='lat' dir='ltr'><strong>arceretur,</strong></span> <span class='ocrx_word' id='word_1_85' title='bbox 433 1059 590 1120; x_wconf 78' lang='lat' dir='ltr'><strong>convietus,</strong></span> <span class='ocrx_word' id='word_1_86' title='bbox 608 1054 753 1121; x_wconf 79' lang='lat' dir='ltr'><strong>pecuniam</strong></span> <span class='ocrx_word' id='word_1_87' title='bbox 772 1056 880 1107; x_wconf 91' lang='lat' dir='ltr'><strong>obrem</strong></span> <span class='ocrx_word' id='word_1_88' title='bbox 896 1058 967 1107; x_wconf 89' lang='lat' dir='ltr'><strong>iudi-</strong></span> 
     </span>
     <span class='ocr_line' id='line_1_15' title="bbox 161 1123 967 1188; baseline 0.002 -13"><span class='ocrx_word' id='word_1_89' title='bbox 161 1124 278 1175; x_wconf 85' lang='lat' dir='ltr'><strong>candam</strong></span> <span class='ocrx_word' id='word_1_90' title='bbox 288 1124 403 1188; x_wconf 84' lang='lat' dir='ltr'><strong>cepisse,</strong></span> <span class='ocrx_word' id='word_1_91' title='bbox 423 1126 595 1175; x_wconf 79' lang='lat' dir='ltr'><strong>crnovendmn</strong></span> <span class='ocrx_word' id='word_1_92' title='bbox 604 1123 634 1175; x_wconf 91' lang='lat' dir='ltr'><strong>in</strong></span> <span class='ocrx_word' id='word_1_93' title='bbox 644 1123 760 1176; x_wconf 77' lang='lat' dir='ltr'><strong>insulam</strong></span> <span class='ocrx_word' id='word_1_94' title='bbox 771 1127 886 1188; x_wconf 85' lang='lat' dir='ltr'><strong>censuit,</strong></span> <span class='ocrx_word' id='word_1_95' title='bbox 905 1131 967 1177; x_wconf 86' lang='lat' dir='ltr'><strong>ten-</strong></span> 
     </span>
     <span class='ocr_line' id='line_1_16' title="bbox 161 1190 969 1262; baseline 0.004 -19"><span class='ocrx_word' id='word_1_96' title='bbox 161 1197 193 1243; x_wconf 89' lang='lat' dir='ltr'><strong>ta</strong></span> <span class='ocrx_word' id='word_1_97' title='bbox 207 1196 386 1245; x_wconf 83' lang='lat' dir='ltr'><strong>contentione</strong></span> <span class='ocrx_word' id='word_1_98' title='bbox 397 1194 494 1255; x_wconf 87' lang='lat' dir='ltr'><strong>animi,</strong></span> <span class='ocrx_word' id='word_1_99' title='bbox 514 1198 584 1243; x_wconf 88' lang='lat' dir='ltr'><strong>utet</strong></span> <span class='ocrx_word' id='word_1_100' title='bbox 598 1192 716 1260; x_wconf 80' lang='lat' dir='ltr'><strong>iurando</strong></span> <span class='ocrx_word' id='word_1_101' title='bbox 733 1190 932 1262; x_wconf 80' lang='lat' dir='ltr'><strong>obstringeret,</strong></span> <span class='ocrx_word' id='word_1_102' title='bbox 953 1211 969 1246; x_wconf 82' lang='lat' dir='ltr'><strong>e</strong></span> 
     </span>
     <span class='ocr_line' id='line_1_17' title="bbox 94 1258 967 1331; baseline 0 -18"><span class='ocrx_word' id='word_1_103' title='bbox 94 1279 101 1287; x_wconf 59' lang='grc'><strong>“</strong></span> <span class='ocrx_word' id='word_1_104' title='bbox 160 1258 264 1328; x_wconf 76' lang='lat' dir='ltr'><strong>Repeti.</strong></span> <span class='ocrx_word' id='word_1_105' title='bbox 278 1260 309 1312; x_wconf 81' lang='lat' dir='ltr'><strong>id</strong></span> <span class='ocrx_word' id='word_1_106' title='bbox 321 1277 384 1313; x_wconf 79' lang='lat' dir='ltr'><strong>esse.</strong></span> <span class='ocrx_word' id='word_1_107' title='bbox 422 1260 501 1325; x_wconf 90' lang='lat' dir='ltr'><strong>Quod</strong></span> <span class='ocrx_word' id='word_1_108' title='bbox 518 1276 615 1328; x_wconf 87' lang='lat' dir='ltr'><strong>aspere</strong></span> <span class='ocrx_word' id='word_1_109' title='bbox 626 1266 767 1328; x_wconf 87' lang='lat' dir='ltr'><strong>acceptum</strong></span> <span class='ocrx_word' id='word_1_110' title='bbox 779 1261 813 1314; x_wconf 88' lang='lat' dir='ltr'><strong>ad</strong></span> <span class='ocrx_word' id='word_1_111' title='bbox 825 1278 967 1331; x_wconf 83' lang='lat' dir='ltr'><strong>praesens,</strong></span> 
     </span>
     <span class='ocr_line' id='line_1_18' title="bbox 160 1330 971 1399; baseline 0.002 -17"><span class='ocrx_word' id='word_1_112' title='bbox 160 1345 226 1382; x_wconf 83' lang='lat' dir='ltr'><strong>mox</strong></span> <span class='ocrx_word' id='word_1_113' title='bbox 245 1334 273 1381; x_wconf 92' lang='lat' dir='ltr'><strong>in</strong></span> <span class='ocrx_word' id='word_1_114' title='bbox 294 1330 404 1385; x_wconf 90' lang='lat' dir='ltr'><strong>laudem</strong></span> <span class='ocrx_word' id='word_1_115' title='bbox 420 1334 513 1393; x_wconf 80' lang='lat' dir='ltr'><strong>vertit,</strong></span> <span class='ocrx_word' id='word_1_116' title='bbox 532 1345 662 1398; x_wconf 87' lang='lat' dir='ltr'><strong>regresso</strong></span> <span class='ocrx_word' id='word_1_117' title='bbox 679 1330 779 1383; x_wconf 84' lang='lat' dir='ltr'><strong>Suilio:</strong></span> <span class='ocrx_word' id='word_1_118' title='bbox 800 1348 879 1399; x_wconf 91' lang='lat' dir='ltr'><strong>quem</strong></span> <span class='ocrx_word' id='word_1_119' title='bbox 896 1332 971 1385; x_wconf 83' lang='lat' dir='ltr'><strong>vidit</strong></span> 
     </span>
     <span class='ocr_line' id='line_1_19' title="bbox 161 1399 967 1475; baseline 0.002 -23"><span class='ocrx_word' id='word_1_120' title='bbox 161 1415 281 1468; x_wconf 87' lang='lat' dir='ltr'><strong>sequens</strong></span> <span class='ocrx_word' id='word_1_121' title='bbox 300 1407 378 1451; x_wconf 89' lang='lat' dir='ltr'><strong>aetas</strong></span> <span class='ocrx_word' id='word_1_122' title='bbox 399 1406 618 1475; x_wconf 73' lang='lat' dir='ltr'><strong>praepotentem,</strong></span> <span class='ocrx_word' id='word_1_123' title='bbox 646 1399 781 1463; x_wconf 85' lang='lat' dir='ltr'><strong>venalem,</strong></span> <span class='ocrx_word' id='word_1_124' title='bbox 807 1407 835 1453; x_wconf 89' lang='lat' dir='ltr'><strong>et</strong></span> <span class='ocrx_word' id='word_1_125' title='bbox 856 1403 967 1454; x_wconf 83' lang='lat' dir='ltr'><strong>Claudii</strong></span> 
     </span>
     <span class='ocr_line' id='line_1_20' title="bbox 161 1468 968 1538; baseline 0.002 -16"><span class='ocrx_word' id='word_1_126' title='bbox 161 1468 298 1536; x_wconf 86' lang='lat' dir='ltr'><strong>Principis</strong></span> <span class='ocrx_word' id='word_1_127' title='bbox 325 1470 448 1521; x_wconf 86' lang='lat' dir='ltr'><strong>amicitia</strong></span> <span class='ocrx_word' id='word_1_128' title='bbox 473 1471 520 1521; x_wconf 95' lang='lat' dir='ltr'><strong>diu</strong></span> <span class='ocrx_word' id='word_1_129' title='bbox 544 1484 690 1536; x_wconf 89' lang='lat' dir='ltr'><strong>prospere,</strong></span> <span class='ocrx_word' id='word_1_130' title='bbox 720 1484 861 1538; x_wconf 90' lang='lat' dir='ltr'><strong>nunquam</strong></span> <span class='ocrx_word' id='word_1_131' title='bbox 886 1472 968 1537; x_wconf 91' lang='lat' dir='ltr'><strong>bene,</strong></span> 
     </span>
     <span class='ocr_line' id='line_1_21' title="bbox 161 1539 966 1605; baseline 0.004 -15"><span class='ocrx_word' id='word_1_132' title='bbox 161 1555 250 1591; x_wconf 89' lang='lat' dir='ltr'><strong>usum.</strong></span> <span class='ocrx_word' id='word_1_133' title='bbox 286 1539 390 1592; x_wconf 88' lang='lat' dir='ltr'><strong>Eadem</strong></span> <span class='ocrx_word' id='word_1_134' title='bbox 408 1554 498 1605; x_wconf 91' lang='lat' dir='ltr'><strong>poena</strong></span> <span class='ocrx_word' id='word_1_135' title='bbox 507 1542 535 1590; x_wconf 88' lang='lat' dir='ltr'><strong>in</strong></span> <span class='ocrx_word' id='word_1_136' title='bbox 547 1541 645 1590; x_wconf 89' lang='lat' dir='ltr'><strong>Catum</strong></span> <span class='ocrx_word' id='word_1_137' title='bbox 656 1539 788 1590; x_wconf 85' lang='lat' dir='ltr'><strong>Firmium</strong></span> <span class='ocrx_word' id='word_1_138' title='bbox 801 1540 966 1594; x_wconf 89' lang='lat' dir='ltr'><strong>Senatorem</strong></span> 
     </span>
     <span class='ocr_line' id='line_1_22' title="bbox 160 1607 967 1679; baseline 0.004 -19"><span class='ocrx_word' id='word_1_139' title='bbox 160 1611 308 1672; x_wconf 84' lang='lat' dir='ltr'><strong>statuitur,</strong></span> <span class='ocrx_word' id='word_1_140' title='bbox 328 1618 466 1677; x_wconf 77' lang='lat' dir='ltr'><strong>reinquere</strong></span> <span class='ocrx_word' id='word_1_141' title='bbox 471 1608 557 1679; x_wconf 77' lang='lat' dir='ltr'><strong>falsis</strong></span> <span class='ocrx_word' id='word_1_142' title='bbox 567 1607 718 1660; x_wconf 84' lang='lat' dir='ltr'><strong>maiestatis</strong></span> <span class='ocrx_word' id='word_1_143' title='bbox 729 1609 884 1662; x_wconf 77' lang='lat' dir='ltr'><strong>criminibus</strong></span> <span class='ocrx_word' id='word_1_144' title='bbox 894 1627 967 1663; x_wconf 79' lang='lat' dir='ltr'><strong>soro·</strong></span> 
     </span>
     <span class='ocr_line' id='line_1_23' title="bbox 159 1677 967 1745; baseline 0.002 -16"><span class='ocrx_word' id='word_1_145' title='bbox 159 1694 217 1731; x_wconf 78' lang='lat' dir='ltr'><strong>rein</strong></span> <span class='ocrx_word' id='word_1_146' title='bbox 223 1677 374 1745; x_wconf 79' lang='lat' dir='ltr'><strong>petivisset.</strong></span> <span class='ocrx_word' id='word_1_147' title='bbox 410 1679 507 1739; x_wconf 82' lang='lat' dir='ltr'><strong>catus,</strong></span> <span class='ocrx_word' id='word_1_148' title='bbox 527 1683 559 1726; x_wconf 90' lang='lat' dir='ltr'><strong>ut</strong></span> <span class='ocrx_word' id='word_1_149' title='bbox 568 1677 663 1740; x_wconf 90' lang='lat' dir='ltr'><strong>retuli,</strong></span> <span class='ocrx_word' id='word_1_150' title='bbox 680 1677 815 1731; x_wconf 83' lang='lat' dir='ltr'><strong>Libonem</strong></span> <span class='ocrx_word' id='word_1_151' title='bbox 827 1680 967 1732; x_wconf 84' lang='lat' dir='ltr'><strong>inlexerat</strong></span> 
     </span>
     <span class='ocr_line' id='line_1_24' title="bbox 159 1745 967 1813; baseline 0.005 -16"><span class='ocrx_word' id='word_1_152' title='bbox 159 1747 281 1808; x_wconf 90' lang='lat' dir='ltr'><strong>insidiis,</strong></span> <span class='ocrx_word' id='word_1_153' title='bbox 301 1747 402 1799; x_wconf 90' lang='lat' dir='ltr'><strong>deinde</strong></span> <span class='ocrx_word' id='word_1_154' title='bbox 412 1746 514 1797; x_wconf 92' lang='lat' dir='ltr'><strong>indicio</strong></span> <span class='ocrx_word' id='word_1_155' title='bbox 525 1745 691 1812; x_wconf 86' lang='lat' dir='ltr'><strong>perculerat.</strong></span> <span class='ocrx_word' id='word_1_156' title='bbox 728 1749 787 1798; x_wconf 88' lang='lat' dir='ltr'><strong>eius</strong></span> <span class='ocrx_word' id='word_1_157' title='bbox 797 1761 899 1813; x_wconf 82' lang='lat' dir='ltr'><strong>operae</strong></span> <span class='ocrx_word' id='word_1_158' title='bbox 910 1765 967 1802; x_wconf 90' lang='lat' dir='ltr'><strong>mc·</strong></span> 
     </span>
     <span class='ocr_line' id='line_1_25' title="bbox 159 1815 967 1887; baseline 0.006 -21"><span class='ocrx_word' id='word_1_159' title='bbox 159 1829 223 1866; x_wconf 85' lang='lat' dir='ltr'><strong>mor</strong></span> <span class='ocrx_word' id='word_1_160' title='bbox 233 1815 371 1879; x_wconf 83' lang='lat' dir='ltr'><strong>Tiberius,</strong></span> <span class='ocrx_word' id='word_1_161' title='bbox 391 1815 439 1866; x_wconf 89' lang='lat' dir='ltr'><strong>sed</strong></span> <span class='ocrx_word' id='word_1_162' title='bbox 451 1815 508 1866; x_wconf 88' lang='lat' dir='ltr'><strong>alia</strong></span> <span class='ocrx_word' id='word_1_163' title='bbox 517 1815 711 1881; x_wconf 89' lang='lat' dir='ltr'><strong>praetendens,</strong></span> <span class='ocrx_word' id='word_1_164' title='bbox 732 1817 859 1869; x_wconf 85' lang='lat' dir='ltr'><strong>exsilium</strong></span> <span class='ocrx_word' id='word_1_165' title='bbox 869 1818 967 1887; x_wconf 83' lang='lat' dir='ltr'><strong>‹lepre-</strong></span> 
     </span>
     <span class='ocr_line' id='line_1_26' title="bbox 159 1873 965 1951; baseline 0.001 -14"><span class='ocrx_word' id='word_1_166' title='bbox 159 1891 304 1937; x_wconf 70' lang='lat' dir='ltr'><strong>mturare:</strong></span> <span class='ocrx_word' id='word_1_167' title='bbox 323 1899 377 1951; x_wconf 90' lang='lat' dir='ltr'><strong>quo</strong></span> <span class='ocrx_word' id='word_1_168' title='bbox 388 1887 481 1935; x_wconf 88' lang='lat' dir='ltr'><strong>minus</strong></span> <span class='ocrx_word' id='word_1_169' title='bbox 491 1883 595 1936; x_wconf 87' lang='lat' dir='ltr'><strong>Senatu</strong></span> <span class='ocrx_word' id='word_1_170' title='bbox 606 1873 768 1950; x_wconf 89' lang='lat' dir='ltr'><strong>pelleretur,</strong></span> <span class='ocrx_word' id='word_1_171' title='bbox 782 1902 838 1937; x_wconf 91' lang='lat' dir='ltr'><strong>non</strong></span> <span class='ocrx_word' id='word_1_172' title='bbox 848 1887 965 1939; x_wconf 86' lang='lat' dir='ltr'><strong>obstitit.</strong></span> 
     </span>
     <span class='ocr_line' id='line_1_27' title="bbox 211 1950 966 2024; baseline 0.003 -18"><span class='ocrx_word' id='word_1_173' title='bbox 211 1950 330 2006; x_wconf 81' lang='lat' dir='ltr'><strong>xxxo.</strong></span> <span class='ocrx_word' id='word_1_174' title='bbox 359 1955 495 2022; x_wconf 87' lang='lat' dir='ltr'><strong>Pleraque</strong></span> <span class='ocrx_word' id='word_1_175' title='bbox 510 1967 620 2016; x_wconf 86' lang='lat' dir='ltr'><strong>eorum,</strong></span> <span class='ocrx_word' id='word_1_176' title='bbox 646 1969 719 2021; x_wconf 89' lang='lat' dir='ltr'><strong>quae</strong></span> <span class='ocrx_word' id='word_1_177' title='bbox 739 1956 822 2007; x_wconf 89' lang='lat' dir='ltr'><strong>retuli</strong></span> <span class='ocrx_word' id='word_1_178' title='bbox 838 1971 966 2024; x_wconf 89' lang='lat' dir='ltr'><strong>quaeque</strong></span> 
     </span>
     <span class='ocr_line' id='line_1_28' title="bbox 159 2021 966 2090; baseline 0 -14"><span class='ocrx_word' id='word_1_179' title='bbox 159 2021 291 2086; x_wconf 75' lang='lat' dir='ltr'><strong>referam,</strong></span> <span class='ocrx_word' id='word_1_180' title='bbox 311 2039 399 2090; x_wconf 88' lang='lat' dir='ltr'><strong>perra</strong></span> <span class='ocrx_word' id='word_1_181' title='bbox 418 2023 536 2074; x_wconf 74' lang='lat' dir='ltr'><strong>forsitan</strong></span> <span class='ocrx_word' id='word_1_182' title='bbox 557 2027 586 2074; x_wconf 91' lang='lat' dir='ltr'><strong>et</strong></span> <span class='ocrx_word' id='word_1_183' title='bbox 602 2021 674 2074; x_wconf 87' lang='lat' dir='ltr'><strong>leria</strong></span> <span class='ocrx_word' id='word_1_184' title='bbox 694 2030 849 2076; x_wconf 87' lang='lat' dir='ltr'><strong>memoratu</strong></span> <span class='ocrx_word' id='word_1_185' title='bbox 868 2026 966 2089; x_wconf 82' lang='lat' dir='ltr'><strong>rideri,</strong></span> 
     </span>
     <span class='ocr_line' id='line_1_29' title="bbox 160 2090 965 2155; baseline 0.005 -13"><span class='ocrx_word' id='word_1_186' title='bbox 160 2107 216 2152; x_wconf 83' lang='lat' dir='ltr'><strong>noa</strong></span> <span class='ocrx_word' id='word_1_187' title='bbox 237 2093 345 2144; x_wconf 86' lang='lat' dir='ltr'><strong>nescius</strong></span> <span class='ocrx_word' id='word_1_188' title='bbox 364 2107 441 2155; x_wconf 62' lang='lat' dir='ltr'><strong>suom</strong></span> <span class='ocrx_word' id='word_1_189' title='bbox 462 2091 512 2142; x_wconf 85' lang='lat' dir='ltr'><strong>sed</strong></span> <span class='ocrx_word' id='word_1_190' title='bbox 531 2105 612 2144; x_wconf 90' lang='lat' dir='ltr'><strong>nemo</strong></span> <span class='ocrx_word' id='word_1_191' title='bbox 631 2090 754 2144; x_wconf 81' lang='lat' dir='ltr'><strong>Annales</strong></span> <span class='ocrx_word' id='word_1_192' title='bbox 773 2099 884 2146; x_wconf 90' lang='lat' dir='ltr'><strong>nostros</strong></span> <span class='ocrx_word' id='word_1_193' title='bbox 901 2109 965 2146; x_wconf 87' lang='lat' dir='ltr'><strong>eum</strong></span> 
     </span>
     <span class='ocr_line' id='line_1_30' title="bbox 143 2159 968 2230; baseline 0.004 -18"><span class='ocrx_word' id='word_1_194' title='bbox 143 2162 299 2227; x_wconf 69' lang='lat' dir='ltr'><strong>‘scriptura</strong></span> <span class='ocrx_word' id='word_1_195' title='bbox 309 2176 404 2215; x_wconf 86' lang='lat' dir='ltr'><strong>eorum</strong></span> <span class='ocrx_word' id='word_1_196' title='bbox 416 2159 605 2222; x_wconf 86' lang='lat' dir='ltr'><strong>contenderit,</strong></span> <span class='ocrx_word' id='word_1_197' title='bbox 623 2162 669 2228; x_wconf 87' lang='lat' dir='ltr'><strong>qui</strong></span> <span class='ocrx_word' id='word_1_198' title='bbox 685 2167 794 2214; x_wconf 77' lang='lat' dir='ltr'><strong>veteres</strong></span> <span class='ocrx_word' id='word_1_199' title='bbox 805 2163 902 2230; x_wconf 90' lang='lat' dir='ltr'><strong>Populi</strong></span> <span class='ocrx_word' id='word_1_200' title='bbox 914 2163 968 2216; x_wconf 81' lang='lat' dir='ltr'><strong>llo·</strong></span> 
     </span>
     <span class='ocr_line' id='line_1_31' title="bbox 161 2230 967 2300; baseline 0.002 -18"><span class='ocrx_word' id='word_1_201' title='bbox 161 2231 296 2282; x_wconf 80' lang='lat' dir='ltr'><strong>munires</strong></span> <span class='ocrx_word' id='word_1_202' title='bbox 307 2245 494 2296; x_wconf 86' lang='lat' dir='ltr'><strong>composuere.</strong></span> <span class='ocrx_word' id='word_1_203' title='bbox 530 2231 657 2298; x_wconf 81' lang='lat' dir='ltr'><strong>lugentia</strong></span> <span class='ocrx_word' id='word_1_204' title='bbox 666 2230 709 2280; x_wconf 90' lang='lat' dir='ltr'><strong>illi</strong></span> <span class='ocrx_word' id='word_1_205' title='bbox 719 2231 806 2295; x_wconf 87' lang='lat' dir='ltr'><strong>bella,</strong></span> <span class='ocrx_word' id='word_1_206' title='bbox 826 2247 967 2300; x_wconf 79' lang='lat' dir='ltr'><strong>expugna·</strong></span> 
     </span>
     <span class='ocr_line' id='line_1_32' title="bbox 159 2298 968 2370; baseline 0.002 -20"><span class='ocrx_word' id='word_1_207' title='bbox 159 2300 385 2362; x_wconf 86' lang='lat' dir='ltr'><strong>tionesurbium,</strong></span> <span class='ocrx_word' id='word_1_208' title='bbox 406 2298 643 2366; x_wconf 74' lang='lat' dir='ltr'><strong>incorruptosque</strong></span> <span class='ocrx_word' id='word_1_209' title='bbox 653 2299 750 2366; x_wconf 80' lang='lat' dir='ltr'><strong>Reges,</strong></span> <span class='ocrx_word' id='word_1_210' title='bbox 770 2305 827 2362; x_wconf 85' lang='lat' dir='ltr'><strong>aut,</strong></span> <span class='ocrx_word' id='word_1_211' title='bbox 846 2304 968 2370; x_wconf 89' lang='lat' dir='ltr'><strong>siquan-</strong></span> 
     </span>
     <span class='ocr_line' id='line_1_33' title="bbox 161 2367 966 2434; baseline 0.002 -15"><span class='ocrx_word' id='word_1_212' title='bbox 161 2367 254 2419; x_wconf 84' lang='lat' dir='ltr'><strong>dead</strong></span> <span class='ocrx_word' id='word_1_213' title='bbox 274 2370 384 2430; x_wconf 86' lang='lat' dir='ltr'><strong>interna</strong></span> <span class='ocrx_word' id='word_1_214' title='bbox 404 2374 620 2434; x_wconf 73' lang='lat' dir='ltr'><strong>praeverterent,</strong></span> <span class='ocrx_word' id='word_1_215' title='bbox 644 2368 794 2421; x_wconf 83' lang='lat' dir='ltr'><strong>discordias</strong></span> <span class='ocrx_word' id='word_1_216' title='bbox 815 2369 966 2422; x_wconf 79' lang='lat' dir='ltr'><strong>consulum</strong></span> 
     </span>
     <span class='ocr_line' id='line_1_34' title="bbox 142 2436 967 2508; baseline 0.002 -20"><span class='ocrx_word' id='word_1_217' title='bbox 142 2469 145 2473; x_wconf 91' lang='lat'><em>-</em></span> <span class='ocrx_word' id='word_1_218' title='bbox 161 2436 307 2488; x_wconf 80' lang='lat' dir='ltr'><strong>adversum</strong></span> <span class='ocrx_word' id='word_1_219' title='bbox 318 2439 467 2500; x_wconf 80' lang='lat' dir='ltr'><strong>Tribunos,</strong></span> <span class='ocrx_word' id='word_1_220' title='bbox 479 2439 604 2504; x_wconf 84' lang='lat' dir='ltr'><strong>agrarias</strong></span> <span class='ocrx_word' id='word_1_221' title='bbox 615 2436 866 2506; x_wconf 81' lang='lat' dir='ltr'><strong>frunientarinsque</strong></span> <span class='ocrx_word' id='word_1_222' title='bbox 877 2439 967 2508; x_wconf 80' lang='lat' dir='ltr'><strong>leges,</strong></span> 
     </span>
     <span class='ocr_line' id='line_1_35' title="bbox 161 2504 968 2578; baseline 0.007 -22"><span class='ocrx_word' id='word_1_223' title='bbox 161 2504 251 2573; x_wconf 89' lang='lat' dir='ltr'><strong>plebis</strong></span> <span class='ocrx_word' id='word_1_224' title='bbox 262 2512 291 2557; x_wconf 88' lang='lat' dir='ltr'><strong>et</strong></span> <span class='ocrx_word' id='word_1_225' title='bbox 301 2509 478 2573; x_wconf 88' lang='lat' dir='ltr'><strong>optimatium</strong></span> <span class='ocrx_word' id='word_1_226' title='bbox 494 2507 661 2567; x_wconf 78' lang='lat' dir='ltr'><strong>certamina,</strong></span> <span class='ocrx_word' id='word_1_227' title='bbox 681 2507 770 2560; x_wconf 88' lang='lat' dir='ltr'><strong>libero</strong></span> <span class='ocrx_word' id='word_1_228' title='bbox 785 2521 899 2578; x_wconf 77' lang='lat' dir='ltr'><strong>egressu</strong></span> <span class='ocrx_word' id='word_1_229' title='bbox 909 2523 968 2562; x_wconf 87' lang='lat' dir='ltr'><strong>me·</strong></span> 
     </span>
     <span class='ocr_line' id='line_1_36' title="bbox 162 2574 968 2642; baseline 0.005 -16"><span class='ocrx_word' id='word_1_230' title='bbox 162 2575 317 2628; x_wconf 74' lang='lat' dir='ltr'><strong>merebant.</strong></span> <span class='ocrx_word' id='word_1_231' title='bbox 340 2574 469 2627; x_wconf 82' lang='lat' dir='ltr'><strong>Nobisin</strong></span> <span class='ocrx_word' id='word_1_232' title='bbox 481 2581 544 2626; x_wconf 89' lang='lat' dir='ltr'><strong>arto</strong></span> <span class='ocrx_word' id='word_1_233' title='bbox 554 2581 583 2626; x_wconf 91' lang='lat' dir='ltr'><strong>et</strong></span> <span class='ocrx_word' id='word_1_234' title='bbox 593 2575 728 2642; x_wconf 89' lang='lat' dir='ltr'><strong>inglorius</strong></span> <span class='ocrx_word' id='word_1_235' title='bbox 739 2577 828 2628; x_wconf 85' lang='lat' dir='ltr'><strong>labor.</strong></span> <span class='ocrx_word' id='word_1_236' title='bbox 855 2577 968 2631; x_wconf 86' lang='lat' dir='ltr'><strong>lnmota</strong></span> 
     </span>
     <span class='ocr_line' id='line_1_37' title="bbox 159 2645 969 2714; baseline 0.005 -18"><span class='ocrx_word' id='word_1_237' title='bbox 159 2647 273 2714; x_wconf 79' lang='lat' dir='ltr'><strong>quippe,</strong></span> <span class='ocrx_word' id='word_1_238' title='bbox 289 2650 341 2699; x_wconf 82' lang='lat' dir='ltr'><strong>aut</strong></span> <span class='ocrx_word' id='word_1_239' title='bbox 350 2645 456 2699; x_wconf 84' lang='lat' dir='ltr'><strong>modice</strong></span> <span class='ocrx_word' id='word_1_240' title='bbox 469 2646 600 2699; x_wconf 85' lang='lat' dir='ltr'><strong>lacessita</strong></span> <span class='ocrx_word' id='word_1_241' title='bbox 609 2659 676 2714; x_wconf 80' lang='lat' dir='ltr'><strong>pax,</strong></span> <span class='ocrx_word' id='word_1_242' title='bbox 688 2651 812 2700; x_wconf 82' lang='lat' dir='ltr'><strong>maestae</strong></span> <span class='ocrx_word' id='word_1_243' title='bbox 823 2647 969 2714; x_wconf 64' lang='lat' dir='ltr'><strong>urbisano,</strong></span> 
     </span>
    </p>
   </div>
   <div class='ocr_carea' id='block_1_3' title="bbox 0 0 1022 3025">
    <p class='ocr_par' dir='ltr' id='par_1_3' title="bbox 0 0 1022 3025">
     <span class='ocr_line' id='line_1_38' title="bbox 0 0 1022 3025; baseline 0 0"><span class='ocrx_word' id='word_1_244' title='bbox 0 0 1022 3025; x_wconf 95' lang='lat' dir='ltr'><strong> </strong></span> 
     </span>
    </p>
   </div>
  </div>
 </body>
</html>
