2034 3025
91 52 171 105 LlB.
185 52 241 104 lll.
260 51 343 104 CAP.
358 50 402 103 45.
412 50 454 103 lo.
472 50 553 117 [A.V.
564 58 622 109 823.
644 54 676 109 A.
688 55 717 109 C.
729 57 781 125 7⁰·]
812 57 862 116 139

60 158 169 217 odium,
183 158 301 221 propriis
310 158 340 205 in
351 156 589 208 Cartimanduam
599 157 732 223 Reginam
744 161 861 212 stimulis
882 169 887 178 '

59 226 273 277 accendebatur.
309 224 519 275 Cartismandua
528 224 709 291 Brigantibus
722 218 862 293 imperita·
888 250 893 263 Δ

58 292 422 359 bat,·pollensnobilitate:
443 299 472 343 et
481 300 599 343 auxerat
607 295 767 358 potentiam,
787 302 861 361 post·

60 378 155 430 quam,
176 363 257 427 capto
268 360 419 426 perdolata
430 360 504 427 Rege
517 363 675 425 Caraetaco,
695 364 861 416 instruxisse
889 386 894 393 =

3 446 8 452 ’
58 429 234 497 triumphurn
250 430 357 481 Claudii
370 430 495 497 Caesaris
510 430 663 481 videbatur.
698 431 765 481 lnde
784 445 860 496 spes,
960 451 968 458 ·

60 506 92 552 et
101 514 195 551 rerum
206 498 388 550 secundarum
399 498 488 548 luxus.
525 502 619 563 spreto
630 498 751 551 Venutio
762 500 796 561 (is
807 499 860 550 fuit

57 570 191 630 maritus)
202 568 368 633 armigerum
378 568 450 628 eius,
472 566 661 627 Vellocatum,
679 570 709 617 in
720 568 860 617 inatrimo·

57 634 137 687 nium
148 636 326 702 Regnumque
340 636 453 699 accepit.
489 634 627 683 Gonoussa
641 636 735 685 statim
750 634 858 701 flagitio

58 706 169 756 domas.
205 704 259 754 Pro
279 702 378 753 marito
396 694 488 752 stddia
502 703 634 764 civitatis3
663 716 714 768 pro
730 702 858 754 adultero

57 772 149 825 libido
165 772 286 838 Reginae
301 776 331 823 et
344 771 465 821 saevitia
500 771 590 836 lgitnr
603 770 740 823 Venutius
763 773 859 822 accitis

57 840 186 901 auxiliis,
215 840 296 889 simul
310 841 431 904 ipsorum
446 838 610 903 Brigantum
630 838 799 901 defectione,
828 840 859 891 in

57 908 371 963 extremumdiserimen
381 907 617 956 Cartimanduam
629 908 752 958 adduxit.
785 908 859 959 Tum

56 976 316 1042 petitaallomanis
326 974 473 1040 praesidia.
505 979 535 1024 et
544 974 672 1027 cohortes
684 976 800 1043 alaeque
810 990 858 1026 no·

58 1050 145 1107 strae,
164 1046 249 1094 variis
259 1043 380 1109 proeliis,
401 1054 529 1092 exemere
540 1046 631 1091 tamen
642 1044 765 1107 periculo
776 1044 858 1111 Regi.

58 1126 135 1164 nani.
170 1112 295 1178 Regnum
305 1112 436 1172 Venutio,
455 1108 658 1169 bellumnobis,
678 1111 815 1161 relictum.

112 1180 211 1231 XLVI.
230 1180 357 1230 Turbata
367 1192 417 1243 per
437 1176 548 1229 eosdem
565 1178 623 1228 dies
638 1176 799 1240 Germania,
827 1184 859 1231 et

57 1248 188 1299 socordia
202 1248 323 1310 Ducum,
352 1252 382 1298 et
394 1246 531 1297 seditione
545 1246 696 1313 legionum.
731 1242 858 1297 Externa

57 1318 100 1378 ri,
123 1316 238 1381 pertidia
247 1314 358 1375 sociali,
382 1329 468 1380 prope
479 1313 591 1364 adllicta
600 1315 725 1365 Romana
734 1330 789 1365 res.
825 1314 858 1364 ld

58 1384 165 1435 bellum
175 1398 236 1433 oum
247 1384 349 1433 caussis
360 1388 389 1432 et
397 1382 539 1433 eventibus
553 1384 665 1443 (etenim
675 1381 785 1447 longius
795 1395 858 1445 pro·
945 1400 946 1403 ¹

58 1457 170 1502 vectum
184 1453 238 1509 est)
251 1464 316 1499 mox
330 1449 552 1501 memorabimus.
588 1450 668 1499 Mota
678 1454 706 1499 et
716 1448 857 1501 Dacorum
949 1480 953 1487 ·

59 1534 142 1586 gens,
170 1532 318 1585 numquam
330 1518 402 1580 lida,
433 1523 500 1568 tune
516 1519 576 1568 sine
592 1521 682 1578 metu,
711 1517 857 1568 abductos

59 1589 169 1642 Moesia
185 1589 318 1638 exercitu.
354 1585 409 1638 Sed
423 1588 512 1652 prima
526 1583 621 1636 rerum
638 1586 723 1652 quieti
734 1583 856 1650 specula·

58 1654 174 1708 bantur:
203 1655 251 1705 ubi
264 1653 382 1720 flagrare
395 1654 506 1706 ltaliam
515 1653 603 1714 bello,
632 1653 857 1704 orrnetainvicem

59 1725 181 1787 hostilia,
200 1737 340 1788 accepere,
355 1724 520 1789 expugnatis
532 1720 683 1772 cohortium
694 1719 856 1788 alarumque
933 1748 948 1762 ·

60 1793 181 1846 bibernis
191 1799 310 1859 utraque
321 1791 440 1842 Danubii
451 1792 510 1857 ripa
525 1790 708 1855 potiebantur.
743 1790 856 1854 lamque

59 1868 151 1912 eastra
164 1860 304 1927 legionum
318 1859 479 1910 exscindere
494 1859 640 1924 parabant,
670 1855 855 1908 nillluoianus
906 1889 911 1900 ·

59 1936 166 1981 sextam
177 1930 314 1996 legionem
326 1929 505 1992 opposuisset,
523 1926 715 1976 Cremonensis
723 1925 855 1978 victoriae

62 2013 176 2064 gnarus,
196 2014 229 2048 ao
239 2013 274 2048 ne
284 2002 401 2047 externa
409 1995 496 2046 moles
507 1997 645 2060 utrimque
655 1994 812 2060 ingrueret,
831 1993 879 2045 si·

61 2067 154 2117 Dacus
164 2065 373 2130 Germanusque
384 2065 482 2114 diversi
492 2063 669 2128 inrupissent.
706 2061 810 2124 Adfuit,
823 2069 855 2112 ut

62 2147 144 2197 saepe
154 2132 237 2193 alias,
265 2133 390 2183 Fortuna
400 2132 497 2196 Populi
513 2133 592 2183 Rom.
608 2143 679 2198 quae
694 2130 856 2180 Mucianum

61 2201 188 2267 uiresque
197 2199 321 2252 Orientis
329 2200 390 2251 illue
399 2201 475 2250 tulit:
500 2205 528 2252 et
539 2198 613 2266 quod
622 2200 775 2250 Cremonae
786 2199 856 2248 inte·

61 2271 113 2320 rim
132 2270 325 2334 transegimus.
365 2270 498 2320 Fonteius
517 2269 640 2334 Agrippa
657 2281 692 2318 ex
710 2267 775 2317 Asia
792 2269 855 2331 (pro

63 2337 182 2389 Consule
200 2352 261 2388 eam
281 2339 447 2402 provinciam
469 2351 560 2388 annuo
580 2337 695 2401 imper-io
713 2337 854 2392 tenuerat)

0 2457 1 2462 ,
63 2406 186 2459 Moesiae
205 2409 379 2472 praepositas
394 2411 459 2457 ests,
477 2406 579 2456 additis
594 2405 680 2470 copiis
699 2417 715 2453 e
731 2400 856 2454 Vitellia·

7 2486 11 2497 '
51 2488 98 2528 ‚no
108 2477 244 2539 exercitu,
263 2489 345 2542 quem
356 2477 449 2542 spargi
460 2486 510 2539 per
519 2475 681 2540 provincias,
702 2472 857 2522 et'exteruo

10 2556 14 2567 ·
62 2541 136 2595 bello
145 2543 271 2610 inligari,
298 2559 363 2610 pars
377 2543 486 2598 consilii
500 2543 633 2614 pacisque
643 2543 709 2594 erat
745 2537 856 2594 Netos·

62 2613 410 2675 terseratioaessilebant.
504 2639 525 2650 -
880 2623 886 2634 ’
