2034 3025
140 73 193 144 ari
233 89 490 147 =‚urermmvra
508 89 553 157 [A.
563 92 595 145 v.
606 94 665 147 ne.
683 94 716 145 n.
728 93 822 166 cen]

139 168 948 191 ....--...-..-.......-.-..,..

139 198 220 263 bant,
235 205 320 269 atque
331 215 395 253 esse
405 200 460 251 sibi
470 207 615 253 auctorem
624 199 867 252 vociferabantur:
887 202 955 253 sire

139 273 173 319 ut
182 275 280 335 raptus
290 269 422 321 licentius
432 274 606 331 exercerent,
624 284 676 321 seu
685 270 774 319 iussu.
866 268 868 273 ’

176 349 179 353 ⁴
194 338 322 390 xxxix.
341 340 383 390 Eo
394 338 663 404 intemporeNero,
681 338 757 389 Antii
769 351 870 405 agens,
889 353 955 390 non

132 412 208 458 ‘ante
219 409 250 457 in
258 408 358 459 urbem
368 422 517 475 regressus
529 412 583 471 est,
602 422 686 475 quarn
697 405 793 457 domui
804 408 875 469 eius,
894 423 956 475 qua

139 477 277 543 palatium
288 481 318 528 et
326 476 501 527 Maecenatis
513 475 612 529 hortos
624 476 853 538 continuaverat,
871 476 954 543 ignis

131 546 356 616 propinquaret.
392 544 491 613 Neque
506 550 603 596 tamen
618 546 683 596 sisti
698 546 806 609 potuit,
838 547 910 612 quin
921 552 955 601 et

161 614 278 673 alatium
298 620 328 665 et
345 614 445 666 domus
465 620 495 666 et
513 620 614 665 cuneta
634 614 737 664 circum
757 611 954 665 haurirentur.

139 627 199 733 gei
208 683 341 733 solatium
355 683 459 750 populo
474 684 627 735 exturbato
643 688 673 733 et
687 679 809 749 profugo
820 698 952 749 campum

141 750 245 803 Martis
256 754 642 819 aemonumentarlgrippae3
671 749 770 802 hortos
783 752 953 819 quinetiam

41 881 47 891 Ι
61 868 65 875 ,
121 849 127 854 -
141 834 209 871 suos
220 818 367 885 patefecit:
382 828 414 872 et
423 823 562 873 subitaria
572 821 700 871 aedilicia
710 822 865 884 exstruxit,
876 836 952 888 quae

140 888 351 940 multitudinem
362 890 476 956 inopem
487 885 659 956 acciperent:
671 890 860 957 subvectaque
867 896 952 943 uten-

103 989 105 995 f
141 954 210 1007 silio
218 957 253 1007 ab
264 957 347 1009 Ostia
357 964 386 1010 et
393 960 561 1027 propinquis
572 958 744 1023 municipiis3
765 959 950 1027 pretiumque

139 1023 277 1077 frumeuti
287 1028 426 1078 minutum
435 1043 525 1095 usque
535 1028 571 1079 ad
581 1034 679 1081 ternos
690 1042 828 1089 nummos.
858 1028 950 1092 Quae,

140 1109 310 1163 quamquam
330 1097 491 1163 popularia,
516 1099 548 1147 in
562 1098 680 1157 inritum
695 1096 849 1159 cadebant,
867 1100 954 1164 quia

138 1170 304 1229 pervaserat
314 1180 420 1229 rumor,
429 1165 487 1233 ipso
498 1164 775 1233 temporeflagraatis
786 1164 869 1230 urbis,
884 1164 950 1219 isir-

40 1241 41 1248 ’
138 1248 167 1284 se
176 1249 236 1285 eum
247 1233 416 1300 domesticam
426 1250 532 1288 scenam
540 1243 569 1286 et
578 1233 705 1287 cecinisse
719 1233 867 1289 Troianum
877 1235 950 1287 excs'·

47 1331 63 1341 -
141 1299 224 1365 dium,
231 1302 390 1369 praesentio
400 1303 472 1355 mala
481 1302 596 1355 vetustis
606 1302 947 1357 cladihutadas'malaatem.

193 1372 253 1423 XL.
276 1372 363 1425 Sexto
383 1372 494 1425 demum
519 1372 579 1437 die,
608 1373 682 1441 apud
702 1376 773 1426 imas
794 1374 947 1441 Esquilias,

42 1477 45 1480 -
139 1441 206 1493 linis
216 1443 348 1495 incendio
363 1441 483 1507 faetus,
500 1444 626 1512 prorutis
637 1458 687 1509 per
701 1444 861 1495 inmensum
871 1442 947 1495 aedi·

103 1528 105 1530 ·
124 1507 227 1574 liciis,
255 1518 288 1564 ut
301 1513 452 1565 continuae
466 1514 620 1566 violentiae
636 1528 749 1580 campus
766 1519 796 1564 et
809 1513 887 1565 velut
900 1527 947 1563 va·

41 1591 44 1601 ’
139 1594 222 1635 cuum
242 1583 350 1634 coelum
370 1588 542 1634 occurreret.
578 1583 638 1633 Nec
657 1583 722 1632 dum
741 1576 837 1649 posito
857 1585 947 1644 metu,

137 1642 254 1704 'redibat
267 1652 356 1703 levius
371 1665 484 1702 rursum
494 1657 642 1720 grassatus
652 1653 727 1717 ignis
735 1686 744 1712 ,
772 1651 878 1716 patulis
888 1665 946 1702 ma-

141 1722 185 1788 gis
196 1721 274 1771 urbis
285 1720 369 1785 locis;
390 1735 481 1787 eoque
492 1727 604 1786 strages
615 1717 759 1768 hominum
769 1719 871 1769 minor.
899 1719 947 1772 de.

140 1789 224 1840 lubra
238 1789 331 1841 Deum
351 1793 381 1841 et
399 1791 526 1855 porticus
547 1786 712 1838 amoenitati
733 1785 844 1842 dicatae
859 1785 949 1840 latius

141 1856 307 1924 procidere(
334 1858 456 1925 Plusque
472 1855 605 1906 infamiae
621 1853 652 1902 id
666 1852 825 1904 incendium
835 1849 947 1918 habuit,

161 1927 210 1978 uia
224 1928 349 1994 praediis
360 1926 495 1994 Tigellini
506 1923 670 1977 Aemilianis
686 1926 864 1989 proruperat.
900 1921 947 1974 Vi·

140 1943 318 2064 locaturque
334 1994 412 2048 Nero
426 1993 588 2046 condendae
604 1992 683 2042 urbis
694 1999 783 2042 novae
798 1996 829 2045 ct
844 2005 947 2060 cogno·

51 2108 53 2111 .
140 2071 238 2118 mento
250 2081 302 2118 suo
317 2063 500 2132 adpellandae
517 2061 637 2130 gloriam
653 2075 799 2128 quaerere.
835 2063 944 2128 Quippe

100 2133 104 2140 ’
139 2137 172 2186 in
181 2137 314 2202 regiones
324 2132 536 2202 quatuordecim
547 2130 636 2182 Roma
650 2128 797 2181 dividitur:
827 2145 944 2199 quarum

34 2228 39 2238 ·
141 2210 263 2272 quatuor
278 2206 408 2271 integrae
424 2202 593 2264 manebant,
623 2204 683 2252 tres
698 2199 858 2252 solotenus
873 2199 944 2252 ‹leie-

141 2278 217 2324 ctae:
230 2277 338 2338 septem
349 2272 465 2340 reliquis
477 2285 566 2338 pauca
576 2270 942 2336 tectorumvestigiasuper·

140 2346 232 2403 erant,
252 2341 347 2394 lacera
356 2348 385 2394 et
394 2343 541 2394 semiusta.
685 2385 690 2392 ,

194 2409 268 2462 XLI.
285 2410 428 2463 Domuum
438 2416 468 2462 et
477 2410 633 2462 insularum
643 2412 673 2460 et
682 2407 864 2474 templorum,
873 2420 941 2474 quae

140 2479 247 2530 amissa
255 2484 332 2544 suut,
348 2495 496 2532 numerum
505 2480 579 2532 inire
591 2477 664 2530 haud
675 2482 834 2544 promptum
844 2474 939 2528 suerit:

140 2547 191 2598 sed
208 2551 405 2606 vetustissima
424 2550 578 2618 religione,
608 2547 683 2616 quod
704 2545 819 2598 Servius
835 2544 938 2596 Tullius

73 2646 74 2649 =
140 2615 254 2683 Lunae,
282 2624 312 2687 et
326 2619 434 2692 Magna
453 2617 682 2687 annianumque,
712 2629 784 2685 quae
800 2613 939 2684 praesenti
