2034 3025
123 126 206 180 ara.
216 127 238 178 1.
258 123 449 178 claraco.
469 123 764 193 [nomenensi
807 121 842 174 er

34 225 210 295 praelongos
220 229 339 292 utraque
350 239 432 274 manu
443 226 553 289 regunt,
572 223 651 283 usui,
671 221 845 287 lapsantibus

36 296 121 362 cquis
132 298 161 344 et
171 293 410 359 cataphractarum
422 293 552 358 pondere.
588 290 619 342 ld
631 289 805 357 Principibus
815 293 845 341 et

34 362 213 416 nobilissimo
225 365 325 430 cuique
334 367 458 428 tegmen,
478 360 578 418 ferreis
588 358 698 410 laminis
708 363 758 410 aut
768 371 845 423 prae·

37 433 114 484 duro
130 433 209 481 corio
224 434 396 493 consertum}
414 435 448 480 ut
461 429 594 480 adversus
606 430 678 479 ictus
689 429 845 494 inpenetra-

37 502 108 563 bile,
122 502 163 549 ita
173 501 268 566 inpetu
279 498 402 550 hostium
412 499 566 564 provolutis
577 495 699 550 inhabile
710 497 744 548 ad
756 510 848 558 resur7

38 569 174 638 gendum.
211 569 295 620 simul
310 569 458 619 altitudine
474 573 503 618 et
517 566 637 618 mollitia
655 567 725 616 nisis
742 565 850 616 haurie-

37 640 154 691 bantur.
189 638 331 689 Romanus
346 636 426 688 miles
442 635 519 687 facili
535 635 624 687 lorica
639 641 667 686 et
682 635 778 686 missili
792 631 849 700 pilo
933 649 940 658 ‘

41 713 93 758 aut
109 707 213 760 lanceis
234 706 390 768 adsultans,
408 706 455 756 ubi
472 710 517 757 res
527 711 668 771 posceret,
686 705 740 757 levi
756 702 850 771 gladio
890 759 898 772 ,

41 778 180 828 inermem
196 776 353 827 Sarmatam
369 778 472 842 (neque
486 776 559 826 enim
570 773 682 826 defendi
699 778 779 824 scuto
789 785 852 822 mos

43 848 100 906 cst)
116 845 240 895 cominus
255 844 392 897 fodiebat:
411 844 500 895 donec
515 844 610 910 pauci,
629 845 675 910 qui
689 841 796 909 proelio
806 856 851 891 su·

42 913 222 982 perfuerunt,
239 914 386 980 paludibus
400 913 577 965 abderentur.
614 912 653 962 ibi
668 908 852 964 saevitiahie·
889 927 890 933 ¹
947 909 960 917 ”

42 985 99 1034 mis
114 987 143 1034 et
155 983 182 1033 vi
195 983 341 1034 vulnerum
355 982 500 1047 absumpti.
538 980 686 1048 Postquam
701 981 730 1032 id
745 981 851 1032 Romae

45 1055 231 1118 compertum,
248 1053 287 1103 M.
298 1051 429 1117 Aponius,
446 1050 582 1102 Moesiam
594 1050 736 1111 obtinens,
753 1050 850 1100 trium·

41 1119 122 1187 phali
138 1125 246 1186 statua,
262 1120 377 1171 Fulvius
392 1119 562 1171 Aurelius-et
579 1118 701 1170 lulianus
712 1118 803 1169 Titius
817 1132 851 1169 ac

43 1189 189 1242 Numisius
199 1190 305 1256 Lupus,
322 1188 422 1257 Legati
432 1189 581 1255 legionum,
597 1186 796 1238 Consularibus
807 1200 851 1238 or·
954 1205 955 1210 ¹

42 1261 184 1309 hamentisi
200 1258 352 1309 donanturt
380 1258 456 1309 laeto
471 1255 581 1310 Othone
597 1263 627 1308 et
641 1257 759 1324 gloriam
775 1257 804 1307 in
818 1271 852 1306 so

44 1324 184 1390 trahente,
202 1335 340 1393 tamquam
350 1335 378 1377 ct
386 1326 524 1396 iptefelix
535 1325 610 1390 bello,
625 1335 652 1378 ct
661 1325 717 1378 tait
727 1322 851 1376 Ducibus

45 1394 154 1461 sniapes
164 1394 329 1446 exercitibus
339 1392 434 1461 Rcmp.
444 1395 573 1452 auxisset.

99 1461 214 1516 LXXX.
250 1461 339 1513 Parvo
349 1463 459 1514 interim
470 1463 559 1526 initio,
574 1463 648 1517 unde
658 1462 727 1516 nihil
736 1461 851 1515 timeba-

46 1538 109 1597 tur,
129 1537 192 1583 orta
201 1531 303 1583 seditio
313 1546 400 1598 prope
409 1531 472 1582 urbi
483 1533 590 1584 excidio
601 1533 677 1584 fuit.v
698 1532 851 1600 septimam
904 1544 910 1548 ’

47 1602 182 1655 decimam
198 1598 355 1665 cohortem,
382 1600 519 1653 ecolonia
529 1602 650 1655 Ostiensi
661 1604 689 1653 in
699 1603 796 1655 urbem
807 1618 852 1653 ac·

47 1672 98 1724 ciri
113 1669 187 1723 otho
202 1671 337 1722 iusserat:
361 1669 512 1722 armandae
529 1672 589 1723 eius
605 1687 673 1728 cura
682 1672 767 1724 Vario
779 1672 852 1723 Cris-

47 1742 128 1809 pino,
146 1740 507 1804 TribunoePraetoriauis,
527 1740 601 1793 data.
636 1742 677 1805 ls,
695 1757 750 1809 quo
762 1741 851 1808 magis

46 1824 159 1872 vacuus,
177 1811 279 1878 quietis
290 1809 398 1874 castris,
415 1812 490 1862 iussa
499 1817 708 1878 exsequeretur,
725 1809 853 1863 vehicula

11 1946 13 1948 ι
48 1877 180 1942 cohortis,
193 1881 342 1947 incipiente
352 1886 444 1944 nocte,
460 1884 580 1943 onerari,
592 1886 689 1946 aperto
701 1894 852 1930 armamen-

47 1950 131 2011 tario,
148 1949 233 2002 iubet.
269 1952 626 2016 tempusinsuspicioaem;
656 1963 752 1999 caussa
762 1950 790 1998 in
801 1949 852 1999 cri·

48 2032 125 2080 men3
144 2017 295 2071 adfectatio
305 2019 406 2086 quietis
417 2019 447 2068 in
457 2018 608 2069 tumultum
620 2017 738 2069 evaluit:
754 2024 783 2069 et
794 2020 853 2069 visa

48 2087 123 2137 inter
135 2088 303 2138 temulentos
318 2102 396 2139 arma
411 2088 567 2153 cupidinem
578 2088 621 2137 sui
630 2102 751 2139 movere.
786 2086 852 2139 Fre·

48 2157 100 2206 mit
114 2154 206 2219 miles,
218 2207 220 2212 ,
234 2163 263 2207 et
278 2157 419 2218 Tribunos
434 2156 670 2222 centurionesque
685 2154 852 2224 proditionis

49 2224 142 2289 arguit
164 2232 302 2293 tamquam
320 2224 450 2297 familiae
472 2225 633 2277 Sanctorum
653 2226 690 2276 ad
703 2224 852 2293 pernicicm

50 2288 163 2345 Othonis
172 2303 361 2347 arctarentur:
371 2308 436 2360 pars
446 2294 535 2360 ignari
547 2299 576 2346 et
585 2296 648 2345 vino
659 2309 770 2361 graves:
788 2308 850 2360 pes-

48 2362 132 2413 simus
142 2363 255 2431 quisque
270 2364 298 2413 in
308 2364 482 2414 occasionem
492 2363 669 2430 praedarum:
686 2362 799 2431 vulgus,
817 2367 850 2414 ut
868 2408 872 2415 .

47 2446 107 2483 mos
117 2437 168 2494 est,
187 2435 374 2500 uniuscunque
384 2436 477 2482 motus
486 2433 552 2483 novi
560 2433 696 2499 cupidum.
733 2438 762 2484 et
772 2433 850 2484 obse·
970 2488 976 2498 .

47 2502 111 2566 quia
121 2499 267 2551 meliorum
276 2515 333 2551 nox
342 2500 504 2552 abstulerat.
530 2504 706 2554 resistentem
715 2500 847 2554 seditioni
939 2519 942 2523 ’

46 2568 200 2622 Tribunum
216 2574 246 2619 et
259 2570 448 2619 severissimos
458 2568 656 2622 Centurionhm
672 2571 846 2621 obtruncant.

46 2641 126 2702 rapta
136 2650 220 2698 arma,
240 2636 337 2687 nudati
346 2635 441 2705 gladii,
458 2639 610 2693 insidentes
620 2641 698 2707 cquis
708 2637 803 2689 urbem
814 2649 847 2686 an

49 2704 177 2766 palatium
189 2707 296 2770 potunt.
