2034 3025
92 101 489 198 naxvcnam-re
508 119 665 194 [nune
682 122 715 178 A.
725 126 756 181 c.
767 128 821 193 m]
841 126 890 183 cor

84 199 893 225 ...-..---.-..-...-...-..,..,,,,

76 232 135 284 vae
145 226 275 279 Praetori
285 226 446 295 designato,
461 228 605 295 Tigellino
616 229 767 283 Praefecto
777 234 892 287 Praetu·

60 317 64 326 =
78 300 120 353 rii
130 296 245 359 tribuit,
265 296 439 363 Tigellinum
456 302 487 349 et
497 296 619 349 Nervam
629 299 671 350 ita
681 300 831 365 extollens,
848 309 891 365 ut,
926 292 930 300 ’

78 382 168 434 super
177 365 362 433 triumphales
372 367 402 417 in
412 365 476 417 foro
492 368 647 435 imagines,
667 368 741 435 apud
755 370 891 438 palatium

78 434 557 505 quoqueeffigieseommsmteret.
594 436 760 490 consularia
769 439 892 505 insignia

77 504 269 573 Nymphidio:
288 504 323 555 de
334 518 405 569 quo,
420 505 488 572 quia
498 518 572 557 nunc
582 505 703 573 primum
714 506 826 560 oblatus
837 514 891 571 est,

83 577 87 583 ’
100 588 172 626 auca
188 578 328 642 repetem²
345 580 457 625 namet
474 574 536 641 ipse
556 590 622 644 pars
636 575 827 629 Romanarum
838 576 891 629 cla·

79 593 159 697 flium
170 643 235 694 erit.
257 644 352 711 Igitur
360 648 451 695 matre
460 642 595 696 libertina
605 650 694 709 ortus,
705 661 777 715 quae
788 660 890 713 corpus

79 714 216 767 decorum
229 711 307 763 inter
323 726 421 765 servos
439 712 615 783 libertosque
625 714 891 784 Principumrulga-

78 788 172 847 verat,
192 782 267 833 exc.
279 781 400 833 Caesare
418 796 450 834 se
468 784 597 850 genitum
614 784 738 849 ferebat,
757 786 891 852 quoniam

80 851 158 905 forte
179 850 299 919 quadum
317 848 416 903 babitu
430 866 566 920 procerus
582 859 615 906 et·
626 859 707 907 torvo
721 855 802 906 rultu
812 859 889 912 erat:

79 922 141 973 sire
162 921 192 973 C.
204 921 324 985 Caesar,
343 926 502 975 scortorum
520 935 632 991 quoquc
653 924 780 993 cupiens,
802 924 890 977 etiam
991 960 996 965 -

79 990 166 1042 matri
177 990 239 1041 eius
248 990 356 1043 inlusit.
596 1030 597 1035 η
872 1050 875 1057 ,

133 1058 260 1112 LXXlll.
270 1056 326 1111 Sed
336 1058 422 1124 Nero,
431 1061 533 1112 vocato
545 1056 660 1125 Senatu,
672 1062 802 1115 oratione
811 1063 890 1115 inter

77 1128 181 1182 Patres
197 1126 308 1191 habite,
326 1128 448 1182 edictum
464 1127 539 1198 apud
552 1130 685 1196 populum
695 1136 725 1183 et
735 1128 847 1183 conlata
857 1134 888 1183 iu

78 1197 169 1251 libros
184 1196 290 1249 indicia
308 1198 558 1265 confessionesque
580 1199 776 1253 damnatorum
792 1201 888 1252 adiun-
918 1214 921 1219 ·

76 1267 131 1320 xit.
166 1266 279 1319 Etenim
288 1268 388 1320 crebro
397 1267 476 1335 vulgi
486 1282 602 1321 rumore
610 1268 798 1331 lacerabatur,
819 1276 888 1320 tum-

77 1349 160 1405 quam
172 1334 244 1387 ciros
258 1334 558 1391 incontaminatorum
568 1343 728 1389 carmelum
744 1335 906 1390 exstincte.

76 1412 128 1459 eet.
164 1405 296 1457 Ceterum
306 1410 436 1473 coeptam
446 1404 627 1473 adultamque
637 1410 668 1457 et
677 1406 812 1457 revictam
823 1420 888 1457 con·

76 1476 260 1538 iurationem,
280 1488 372 1541 neque
390 1476 460 1523 tuuc
479 1471 653 1536 dubitavero,
673 1474 773 1542 quibus
790 1488 888 1529 verum

76 1543 214 1596 noscendi
224 1556 292 1593 cura
302 1547 374 1605 erut,
397 1546 428 1591 et
442 1538 580 1605 fatentur,
600 1543 646 1607 qui
661 1543 887 1609 postiuteriturn

77 1612 204 1666 Neronis
213 1606 244 1660 in
253 1610 353 1661 urbem
363 1609 491 1676 regressi
504 1614 580 1660 sunt.
614 1610 652 1662 At
662 1613 693 1661 in
704 1608 812 1662 Senatu
823 1625 888 1663 cun·

77 1683 131 1734 ctis
137 1717 147 1745 ,
164 1685 198 1732 ut
207 1680 306 1744 culsne
316 1679 466 1746 plurimum
476 1679 633 1743 moeroris,
652 1681 683 1729 in
694 1678 886 1732 adulationem
972 1737 977 1748 .

77 1750 222 1814 demissis,
236 1749 346 1801 lunium
357 1745 528 1809 Gallionem,
549 1745 675 1800 Senecae
685 1746 783 1801 fratris
793 1755 887 1802 morte
910 1771 914 1780 =

97 1817 208 1871 avidum
218 1823 248 1872 et
254 1832 307 1886 pro
316 1816 568 1870 suaincolumitate
579 1817 741 1885 supplicem,
746 1818 888 1886 increpuit

76 1836 210 1942 Somnus
221 1887 361 1950 Clemens,
373 1884 476 1937 hostem
486 1892 514 1937 et
520 1885 693 1953 parricidam
702 1901 819 1939 vocans:
838 1887 887 1941 (lo-
916 1923 921 1932 ,

77 1971 131 2010 nec
139 1971 280 2010 consensu
290 1954 405 2008 Petrum
415 1955 570 2007 deterritus
582 1959 639 2016 est,
659 1973 693 2008 oe
704 1955 822 2024 publicis
831 1971 887 2010 mu·
922 1977 928 1989 ·

77 2025 113 2081 zu
130 2025 209 2079 abuti
226 2025 265 2078 ud
280 2025 445 2077 occasionem·
460 2023 568 2092 pmuuti
586 2022 642 2076 odit
660 2023 811 2090 videretur,
834 2039 887 2079 neu

78 2094 226 2163 conmoritur
240 2101 292 2146 aut
306 2094 464 2147 oblitterata
475 2093 681 2149 mausuetudine
690 2093 832 2164 Principia
842 2111 888 2149 oo·

78 2171 141 2221 vitm
151 2165 189 2218 ad
196 2162 339 2216 saeuitiam
351 2160 513 2215 retraheret.
774 2211 775 2214 ,
913 2181 917 2189 ·

123 2231 250 2288 LXXIV.
269 2232 342 2284 Tum
361 2231 431 2284 tona
450 2238 479 2283 et
492 2238 591 2313 gruter
606 2229 675 2286 Deir
685 2229 886 2297 decernuntur,

79 2299 351 2374 propriusquetonus
361 2299 432 2364 Soli,
453 2301 564 2364 (cus'ert
577 2311 654 2355 vetur
664 2300 826 2368 aederupud
835 2300 888 2354 cir·

66 2389 156 2436 cum,
174 2370 206 2424 in
216 2384 268 2438 quo
282 2369 394 2440 fucinus
401 2368 571 2451 parabatur)
587 2371 635 2440 qui
645 2371 752 2424 occultu
762 2369 888 2422 coniura-

82 2441 165 2494 tionis
183 2437 299 2492 Numine
318 2447 477 2491 retemrretr
501 2447 585 2509 atquc
606 2437 772 2492 Circensium
791 2436 888 2489 Cereu-

81 2511 146 2563 lium
164 2508 298 2563 ludicrum
314 2507 438 2574 plurilus
454 2523 583 2576 equorum
602 2506 725 2562 curtibus
743 2505 887 2558 celebrare·

81 2589 141 2633 tur:
160 2575 308 2643 mensisque
319 2575 422 2642 Aprilis
432 2576 555 2630 Neronis
569 2585 775 2646 cognomentum
785 2572 887 2639 accipe·
951 2605 953 2608 -

81 2657 140 2706 retr
157 2644 698 2717 tmmlumSaluts'esttmerctureoloci,
718 2659 753 2698 ex
763 2657 815 2712 quo
826 2637 884 2694 Sce-
