2034 3025
83 68 166 154 ivan
176 96 291 149 scaro.
302 63 388 150 vira
400 72 473 148 cnr.
484 94 584 148 21-23.
595 95 804 167 [evocasse]
821 99 873 152 aru

84 202 181 252 artibus
193 199 313 260 crudire,
332 201 361 248 et
370 196 482 262 ingenia
491 195 690 248 Britannorum
700 198 798 248 studiis
809 200 873 252 Gal·

70 271 71 278 ’
84 267 166 320 lerunt
176 265 325 328 anteferre,
335 269 375 326 ut,
386 266 431 331 qui
442 263 524 314 modo
534 265 656 331 linguam
666 265 818 317 Romanam
829 268 874 318 ab·

84 337 209 399 nuebant,
230 335 416 402 eloquentiam
438 334 673 399 concupiscerent.
700 334 766 384 inde
787 337 871 385 etium

83 403 183 455 habitus
194 405 282 454 nostri
292 403 380 455 bonor
390 407 419 454 et
429 401 560 469 frequens
570 406 644 469 toga.
672 401 885 470 paullatimque'
920 464 923 468 ,

82 473 223 528 discessum
234 472 268 522 ad
279 471 464 528 ,delinimenta
479 471 624 532 vitiorum,
644 472 768 536 porticus
779 476 807 522 et
816 471 881 539 bal:

81 556 129 591 nco
138 546 166 590 et
176 542 360 590 conviviorum
373 539 545 605 elegantiam.
564 540 647 607 idque
656 539 729 604 apud
740 541 873 605 inperitos

81 607 229 659 decorositas
239 608 398 670 vocabatur,
409 623 469 658 cuno
479 623 544 674 pars
554 611 787 660 servitutisesset.
843 651 846 657 .

129 675 213 726 XXll.
241 679 352 729 Tertius
363 677 568 744 expeditionum
580 692 667 727 annus
678 678 761 728 noras
775 684 873 744 gentes

81 745 192 810 aperuit,
211 747 324 797 vastatis
343 761 431 813 usque
451 747 486 796 ad
501 747 592 807 Taum
612 748 872 808 (aestuariunomen

80 816 129 875 cst)
140 815 303 866 nationibus.
332 830 386 883 qua
396 814 646 867 formidine‘territi
657 814 760 878 hostes,
780 829 874 882 quarn-

80 882 357 950 quamcontlictatum
373 885 462 936 saevis
483 885 695 950 tempestatibus
713 886 873 946 exercitum,

78 951 211 1003 lacessere
231 967 287 1002 non
306 954 388 1012 arisi„
409 953 599 1018 ponendisque
619 955 731 1018 insuper
743 952 873 1003 castellis

76 1022 193 1084 spatium
205 1019 267 1070 luit.
303 1020 479 1070 adnotabant
490 1022 586 1084 periti,
606 1035 661 1070 non
671 1021 755 1069 alium
766 1021 876 1084 Ducem

76 1089 294 1153 opportunitates
305 1087 428 1138 locorum
439 1088 591 1152 sapientius
601 1087 700 1154 legisse
707 1088 829 1141 :nullum
839 1090 873 1140 ab

74 1156 201 1222 Angcola
214 1156 334 1222 positum
346 1155 491 1206 castellum
507 1156 592 1206 autri
603 1153 724 1208 bostium
736 1171 873 1223 expugua-

73 1229 139 1288 tum‚
150 1229 199 1275 aut
209 1225 336 1291 pactione
352 1228 401 1275 aut
412 1223 478 1290 fuga
493 1223 645 1275 desertum.
680 1225 800 1276 Crebrae
811 1240 873 1276 eru·

73 1295 190 1359 ptiones.
208 1309 272 1344 narn
293 1293 423 1358 adversus
442 1307 535 1342 moras
550 1292 700 1343 obsidionis
715 1295 814 1344 annuis
830 1307 873 1344 co·

72 1362 124 1428 piis
135 1363 325 1412 firmabantur.
335 1361 385 1428 ,ita
395 1359 533 1424 intrepida
543 1361 580 1410 ibi
592 1358 688 1422 hiems,
699 1366 728 1410 et
737 1364 789 1413 sibi
800 1365 873 1427 quis·

71 1443 126 1496 que
140 1429 288 1494 praesidio,
302 1430 392 1477 inritis
402 1425 537 1490 hostibus,
554 1443 641 1494 eoque
653 1424 873 1494 desperantibus,

70 1499 135 1563 quia
145 1497 221 1549 soliti
231 1497 392 1564 plerumque
404 1496 504 1548 damna
513 1498 627 1549 aestatis
637 1495 758 1548 hibernis
770 1500 872 1550 eventi-

69 1568 121 1617 bus
131 1582 256 1634 pensare,
268 1572 328 1617 tum
337 1572 442 1617 aestate
453 1572 537 1634 atquc
545 1564 636 1617 hieme
646 1568 724 1617 iuxta
733 1567 871 1633 pelleban-

54 1696 56 1704 .
68 1642 126 1686 tur.
162 1634 220 1687 Nec
234 1634 363 1702 Agricola
377 1651 507 1703 umquam
521 1650 579 1701 ⁸pcr
593 1635 663 1685 alios
682 1641 761 1701 gesta
775 1635 872 1688 avidus

69 1706 229 1769 intercepit:
248 1719 297 1754 scu
318 1704 463 1767 Centurio,
482 1719 532 1755 seu
552 1702 726 1767 Praefectus,
746 1706 871 1755 incorru-

68 1779 149 1841 ptum
160 1772 227 1824 sacti
239 1778 339 1825 testem
351 1771 477 1824 habebat.
514 1772 592 1838 Apud
603 1772 735 1838 quosdam
747 1774 872 1824 acerbior

66 1844 97 1893 in
110 1844 240 1893 conviciis
251 1842 424 1905 narrabatur,
444 1842 564 1893 athonis
575 1842 669 1902 comis,
688 1843 729 1892 ita
739 1842 871 1893 adversus
889 1882 894 1889 .

66 1910 158 1961 malos
168 1911 343 1961 iniucundus:
363 1919 486 1962 ceterum
499 1925 534 1962 ex
549 1910 690 1961 iracundia
701 1909 769 1961 nibil
778 1926 873 1977 supere

67 1984 139 2031 erat.
167 1987 304 2032 secretum
317 1985 345 2031 et
356 1980 496 2031 silentium
508 1980 632 2030 ciusncn
642 1980 763 2031 timeres.
786 1979 870 2033 bonc-

65 2050 138 2099 stius
149 2051 264 2115 putabat
277 2048 424 2111 offendere,
435 2064 517 2117 quam
530 2048 629 2098 odisse.
654 2043 658 2052 ’

118 2116 221 2169 XXlll.
240 2119 346 2179 Quarta
357 2129 448 2169 aestas
460 2117 616 2168 obtinendis
621 2150 638 2179 s
646 2129 717 2183 quae
729 2132 871 2183 percurre·

64 2193 120 2249 rat,
131 2189 280 2253 insumpta.
293 2202 333 2249 ac,
345 2188 368 2236 si
379 2188 465 2237 virtus
477 2186 645 2237 exercituum
657 2191 687 2236 et
696 2188 813 2237 Romani
823 2200 871 2235 no·

63 2256 151 2307 minis
161 2257 252 2325 gloria
262 2260 411 2321 pateretur,
422 2259 549 2305 inventus
558 2256 587 2307 in
597 2255 806 2321 ipsaBritannia
816 2259 870 2306 ter-

63 2326 169 2376 minus.
206 2324 277 2377 Nam
290 2323 369 2374 Clota
380 2329 408 2375 et
417 2324 562 2386 Bodotria,
582 2324 683 2374 diversi
694 2326 778 2373 maris
788 2324 870 2375 aesti-

62 2394 119 2445 bus
131 2408 181 2461 per
191 2395 346 2445 inmensum
356 2397 491 2454 revectus,
502 2398 620 2458 angusto
630 2396 768 2442 terrarum
779 2394 870 2458 spatio

62 2464 245 2515 dirimuntur.
275 2462 348 2529 quod
364 2466 421 2511 tum
438 2460 581 2528 praesidiis
592 2462 767 2511 firmabatur:
787 2466 870 2530 atque
941 2511 943 2514 ,

60 2530 158 2585 omnis
170 2534 282 2599 propior
292 2533 367 2581 sinus
378 2531 532 2593 tenebatur,
546 2530 690 2580 summotis
699 2530 774 2581 velut
783 2532 813 2581 in
823 2530 871 2581 ali·

59 2612 110 2665 am
122 2601 243 2650 insulam
254 2598 385 2651 hostibus.
812 2594 816 2608 ¹
