2034 3025
167 101 249 155 ura.
265 101 287 152 1.
303 97 391 151 car.
405 98 493 150 n-s.
514 95 805 168 [avenacea]
838 125 842 144 .
875 97 892 152 r

78 209 183 271 socius,
196 204 253 268 bie,
265 208 298 255 ut
307 203 365 256 dux
374 202 503 267 Neronis,
518 202 638 256 inauditi
649 207 733 272 atque
743 203 893 270 indefensi,

77 285 221 346 umquam
232 277 404 338 innocentes,
421 274 572 341 perierant.
595 274 731 328 introitus
741 276 771 326 in
782 274 891 339 urbem,

79 347 227 400 uuoidatis
242 351 287 396 tot
300 343 424 396 millibus
436 345 582 397 inermium
599 343 733 408 militum,
751 341 891 398 infaustus
993 380 998 392 ,

80 420 185 479 omine,
203 425 287 483 atque
296 416 362 482 ipsis
373 415 467 477 etiam,
485 414 709 482 qrriocciderant,
728 412 892 466 formidolo-

81 503 138 540 sus.
174 486 293 539 inducta
301 485 412 552 legione
423 485 558 550 Hispana,
575 489 737 536 remanente
747 499 789 546 ea,
807 497 892 552 quam

82 557 200 610 celasse
212 555 286 608 Nero
298 555 520 620 conscripserat,
538 553 621 620 plena
634 554 701 604 urbs
716 556 842 606 exercitu
852 554 892 604 in·

82 627 183 678 solitos
195 625 277 676 multi
288 622 387 675 adhoc
398 624 506 675 numeri
517 623 692 675 eGermania
701 637 736 674 ac
744 623 894 676 Britannia

82 701 112 747 et
122 695 252 762 illyrico,
270 709 340 761 quos
352 693 426 744 idem
443 691 519 744 Nero
525 730 533 756 ‚
552 693 657 745 electos
672 695 894 761 praemissosque

83 765 119 817 ad
130 765 253 816 claustra
264 764 439 830 Caspiarum,
458 768 487 813 et
500 761 621 826 bellurn,
639 763 713 830 quod
728 764 757 815 in
772 762 894 815 Albanos

83 835 217 902 parabat,
238 832 425 900 opprimendis
442 832 566 884 Vindicis
581 832 686 899 coeptis
702 837 894 886 revocaveratr

83 907 184 971 ingens
195 905 273 955 novis
282 903 366 955 rebus
376 902 508 965 materia,
528 908 625 954 utnon
636 903 665 953 in
675 917 762 972 unum
772 902 895 971 aliquem

83 988 173 1042 prono
183 973 291 1036 favore,
309 974 350 1024 ita
358 972 472 1023 audenti
483 978 589 1038 parata.

137 1043 199 1096 vu.
233 1044 320 1095 Forte
334 1047 516 1110 congruerat,
533 1046 567 1092 ut
576 1039 665 1092 Clodii
679 1041 770 1094 Macri
785 1045 814 1094 et
823 1041 896 1094 Fon-

83 1114 132 1166 teii
159 1114 302 1180 Capitonis
326 1112 425 1163 caedes
448 1112 654 1162 nuntiarentur.
696 1111 838 1175 Macrum,
865 1110 897 1162 in

83 1181 180 1238 Africa
190 1181 264 1234 haud
274 1181 357 1234 dubie
367 1180 536 1243 turbantem,
547 1181 704 1232 Trebonius
711 1181 897 1244 Garutianus,

83 1254 270 1315 Procurator,
288 1253 365 1302 iussu
376 1250 498 1315 Galbae3
517 1251 680 1316 Capitonem
695 1253 724 1302 in
735 1251 899 1314 Germania,

85 1338 151 1376 cuns
160 1323 267 1374 similia
281 1326 438 1388 coeptaret,
456 1321 603 1372 Cornelius
619 1321 744 1388 Aquinus
755 1325 784 1372 et
793 1320 899 1372 Fabius

85 1391 205 1453 Valens,
222 1382 497 1458 Legatrlegionum
517 1388 729 1452 interfecerant,
746 1395 899 1457 antequam

84 1462 259 1517 iuberentur.
294 1458 387 1512 Fuere
406 1459 454 1527 qui
473 1457 634 1523 crederent,
660 1459 836 1526 capitonem,
865 1459 899 1508 ut

85 1531 207 1584 aramus
216 1533 254 1581 ,et
267 1528 383 1581 libidine
397 1527 512 1580 foedum
527 1542 561 1579 ac
570 1528 759 1592 maculosum,
775 1530 816 1580 ita
826 1528 899 1595 cogi·

84 1602 196 1655 tatione
210 1614 305 1651 rerum
319 1612 454 1649 novarum
468 1598 650 1662 abstinuisse;
678 1598 728 1650 sed
743 1613 761 1650 a
773 1597 900 1664 Legatis,

85 1670 193 1724 bellum
204 1668 395 1733 suadentibus,
409 1673 557 1736 postquam
567 1667 704 1735 inpellere
714 1668 901 1735 nequiverint,

87 1742 194 1793 cumen
207 1754 241 1791 ac
250 1738 348 1790 dolum
362 1739 548 1807 compositum
562 1738 650 1790 ultro:
671 1743 700 1792 et
709 1737 826 1789 Galbam
843 1750 902 1787 nro-

86 1810 197 1862 bilitate
211 1810 331 1877 ingenit,
349 1822 401 1873 an,
423 1824 460 1861 ne
474 1808 558 1860 altius
573 1812 762 1872 scrutaretur,
786 1818 901 1875 quoquo

87 1878 172 1932 modo
183 1884 260 1943 acta,
278 1879 344 1947 quia
353 1878 457 1931 mutari
467 1893 524 1930 non
535 1883 678 1945 poterant,
695 1878 899 1944 comprobasse.

88 1950 219 2001 Ceterum
234 1953 354 2017 utraque
369 1949 469 2002 caedes
483 1950 596 2001 sinistre
612 1953 739 2013 accepta:
768 1951 796 1999 et
812 1947 901 1997 inviso

87 2019 175 2071 semel
192 2017 335 2085 Principe,
353 2033 403 2070 seu
418 2020 503 2081 bene,
522 2034 572 2071 seu
587 2016 660 2070 male
675 2017 751 2069 sacta
761 2020 901 2085 premunt.

88 2089 148 2140 lam
159 2086 325 2140 adferebant
338 2088 450 2140 venalia
468 2095 568 2141 cuncta
582 2092 781 2156 praepotentes
791 2086 901 2137 libertis

89 2170 234 2208 servorum
248 2172 348 2209 manus
361 2158 461 2209 subitis
475 2159 587 2222 avidae,
605 2164 649 2222 et,
667 2162 809 2224 tamquam
827 2152 903 2221 apud

90 2241 201 2290 senem,
229 2226 410 2279 festinantem
435 2226 587 2295 eademque
608 2242 696 2281 novae
714 2226 797 2277 aulae
816 2222 902 2285 mala,
956 2262 959 2266 .

89 2290 904 2426 ttulistissitisti.inutilitatistii:

91 2441 121 2487 et
130 2435 318 2505 imperatores
328 2436 420 2487 forma
431 2450 466 2489 ac
479 2435 580 2490 decore
591 2435 729 2505 corporis,
737 2427 780 2485 ”nt
790 2436 833 2487 est
840 2443 903 2487 suos

89 2505 176 2575 vulgi,
193 2506 427 2574 comparantibus.
887 2528 891 2536 f

143 2577 219 2630 Vlll.
255 2578 292 2628 Et
307 2576 352 2628 hic
368 2576 480 2645 quidem
494 2574 613 2642 Romae,
630 2582 773 2647 tamquam
782 2574 813 2626 in
822 2575 904 2629 ants

92 2646 286 2711 multitudine,
310 2644 422 2700 babitus
436 2650 593 2703 animorum
608 2646 670 2702 fuit.
705 2650 730 2701 E
744 2642 903 2714 provinciis,
