2034 3025
171 54 212 126 'so
272 41 584 149 nisionrhavht
617 36 904 152 in.v.s2e‘.n}0.70.1
941 45 945 49 ⁵

175 182 272 232 datum
282 181 360 247 iussu
370 181 448 232 Fabii
454 181 581 234 Valentis
593 198 703 250 pugnae
709 187 818 252 signum
830 193 861 240 et
869 190 990 246 militem

174 253 205 302 in
221 251 307 301 armis
320 251 435 301 invenit.
470 251 546 302 Dum
562 252 688 320 legiones
703 254 738 306 de
753 256 990 326 ordineagminis

176 321 341 381 sortiuntur,
362 321 469 387 equites
490 329 715 388 prorupere:·et‚
734 327 838 377 mirum
858 327 945 394 dictu,
973 349 992 385 a

99 433 105 444 s
174 391 353 458 paucioribus
364 389 528 440 Othonianis
538 405 593 458 quo
604 394 694 444 minus
708 395 738 444 in
748 395 853 447 vallum
864 399 993 470 inpinge.

174 465 283 522 rentum
303 458 560 526 ltaiieaeiegionis
576 463 679 514 virtute
694 463 823 516 deterriti
842 474 918 518 sunt.
956 487 994 525 ea

55 536 68 546 ’
157 531 160 537 ’
174 531 280 582 strictis
291 529 683 597 mucronibus‚·redirepulsos
693 537 722 583 et
732 547 854 601 pugnam
864 551 993 592 resume·

146 610 148 613 ·
173 614 206 652 re
216 599 315 666 coegit.
350 599 494 665 Disposita
513 599 735 653 Vitellianarum
750 603 893 670 legionum
913 603 992 661 acies

173 671 235 721 sine
248 668 447 734 trepidatione:
466 671 580 732 etenim,
600 685 767 739 quamquam
788 675 878 726 vicino
895 673 991 742 hoste,

173 739 323 804 adspectus
342 753 483 803 armorum
508 738 745 792 densisarbustis
770 741 990 808 prohibebatur:

112 813 123 820 “
173 808 249 875 apud
260 804 443 870 Othonianos,
453 808 546 874 pavidi
557 809 659 873 Duces,
670 810 750 869 miles
761 811 886 864 Ducibus
897 813 991 868 infen-

170 883 230 939 sus,
241 878 329 928 nrixta
337 874 465 928 vehicula
474 882 504 930 et
514 878 595 942 lixae,
617 885 655 944 et,
674 882 834 948 praeruptis
844 883 990 952 utrimque

173 947 266 1010 fossis,
275 949 321 997 ria
331 946 426 1014 quieto
437 958 546 1022 quoque
561 951 664 1016 agmini
675 956 802 1018 angusta.
837 953 990 1004 Circumsi·

173 1023 249 1070 stere
259 1017 308 1070 alii
319 1019 399 1084 signa
409 1032 476 1081 sua,
493 1033 629 1086 quaerere
645 1019 705 1072 alii:
726 1021 851 1072 incertus
861 1023 989 1090 undique

172 1086 711 1150 clamoradcurrentium‚rocita11tium:
733 1094 770 1154 et,
785 1092 989 1158 utcuiqueau-

148 1197 153 1200 -
173 1157 254 1221 dacia
272 1156 317 1209 vel
336 1155 468 1220 formida,
492 1158 522 1207 in
533 1159 651 1225 primam
671 1165 874 1226 postremamve
894 1163 988 1215 aciem

163 1225 678 1296 prorumpebant,velrerehebantur.

141 1299 162 1347 J
224 1297 310 1349 XLli.
345 1295 492 1350 adtonitas
510 1297 604 1350 subito
624 1301 734 1350 terrore
753 1301 862 1350 mentes
880 1297 985 1351 fabum

101 1372 102 1375 ’
170 1366 303 1438 gaudium
315 1367 343 1418 in
352 1366 517 1434 languorem
527 1369 619 1432 vertit,
633 1368 766 1436 repertis,
787 1368 833 1435 qui
845 1367 986 1422 detrivisse

65 1481 69 1504 ,
171 1455 189 1492 a
202 1435 310 1490 Vitellio
320 1435 471 1490 exaratum
481 1439 701 1498 ementirentur.¹
728 1441 872 1500 lsrumon
892 1439 986 1490 abex·

81 1516 84 1519 ’
170 1507 361 1577 ploratoribus
380 1507 488 1562 Vitellii
510 1507 662 1577 dispersus,
678 1524 715 1561 an
729 1509 764 1565 ,in
783 1509 844 1576 ipsa
863 1507 985 1561 Othonia

170 1586 262 1647 parte,
270 1594 320 1631 seu
330 1578 406 1641 dolo,
416 1593 467 1631 seu
477 1578 552 1631 torte
564 1580 728 1644 surrexerit,
747 1593 847 1645 parum
857 1592 986 1645 comper·

169 1658 239 1701 tum.
275 1649 387 1701 Omisso
402 1663 513 1716 pugnae
529 1649 644 1711 ardore,
658 1648 811 1701 Othoniani
822 1644 899 1699 ultro
909 1648 986 1699 saiu-

92 1771 94 1774 .
169 1725 278 1772 tatere:
300 1723 330 1769 et
349 1716 444 1769 hostili
461 1732 606 1769 murmure
626 1720 744 1785 excepti,
763 1717 906 1785 plerisque
920 1732 988 1770 suo-

167 1804 232 1842 rum
242 1787 356 1857 ignaris,
376 1801 448 1855 quae
457 1800 557 1837 caussa
566 1786 719 1850 salutandi,
730 1792 834 1839 metum
845 1786 989 1854 proditio-

167 1857 325 1911 nisfeeere.
341 1862 401 1908 tum
420 1856 547 1907 incubuit
565 1855 687 1908 hostiurn
706 1857 788 1919 acies,
808 1857 929 1923 integris
941 1872 989 1910 or·

168 1929 287 1990 dinibus,
296 1927 398 1979 robore
418 1930 447 1978 et
460 1939 578 1977 numero
596 1926 797 1992 praestantior:
818 1924 989 1991 Othoniani,

169 2011 336 2067 quamquam
346 1996 473 2061 dispersi,
483 1995 639 2062 pauciores,
650 1992 725 2056 fessi,
737 1992 875 2060 proelium
886 2002 989 2050 tamen

169 2067 273 2119 aeriter
281 2078 434 2132 sumpsere.
471 2070 501 2117 et
510 2079 561 2132 per
574 2064 667 2128 locos,
688 2062 834 2115 arboribus
849 2067 990 2121 scrineis

168 2135 320 2203 inpeditos,
340 2149 395 2185 non
405 2141 462 2185 una
472 2149 583 2203 pugnae
593 2133 687 2186 facies.
725 2134 989 2189 cominusemiuus·

169 2221 223 2277 que
234 2201 396 2258 catern‘set
410 2205 506 2257 cuneis
522 2204 739 2257 concurrebant:
756 2204 787 2255 in
803 2218 909 2272 aggere
920 2208 989 2259 vias

170 2276 282 2338 conlato
292 2274 390 2343 gradu,
404 2276 567 2343 corporibus
577 2280 606 2329 et
615 2274 782 2327 umbonibus
792 2274 853 2337 niti,
864 2276 989 2327 *omisso

168 2345 392 2414 pilorumiactu,
412 2346 513 2414 gladiis
522 2350 552 2398 et
562 2346 705 2398 securibus
714 2343 809 2413 galeas
819 2343 990 2413 loricasque

71 2460 74 2466 .
169 2417 366 2483 perrumpere:
386 2421 533 2469 noscentes
542 2417 617 2467 inter
626 2430 666 2473 se.
677 2415 779 2468 ceteris
789 2414 991 2481 conspicui‚in

150 2483 155 2488 ’
170 2490 298 2538 eventum
310 2487 396 2537 totius
405 2485 473 2537 belii
484 2486 636 2537 certabant.

221 2554 321 2607 xant.
357 2555 442 2608 Forte
452 2553 638 2607 interPadum
649 2551 897 2622 viamque,1iatenti
907 2564 993 2603 earn·

168 2637 213 2692 po,
224 2622 298 2679 duae
307 2624 432 2695 legiones
442 2638 609 2695 congressae
628 2628 705 2687 suntr
724 2636 775 2691 pro
786 2619 902 2709 Vitellio
913 2636 994 2675 una·
