2034 3025
48 136 128 192 Lm.
139 133 223 189 XlV.
243 129 327 187 GAP.
338 129 449 187 36-38.
469 132 515 202 [A.
525 133 559 185 V.
569 132 629 188 815.
643 132 717 186 sm.
726 134 783 203 aa]
800 133 853 189 did

49 250 109 306 tur,
132 243 174 291 ita
184 253 215 290 se
226 239 262 290 ad
271 237 461 305 intorquenda
469 238 528 304 pila
538 237 703 305 expedierat
713 243 794 290 retus
802 241 853 288 sni·

50 311 92 363 les
103 316 132 362 et
142 309 231 360 multa
239 307 410 375 proeliorum
420 309 606 374 experientia,
624 313 658 360 ut
668 311 761 358 certus
772 321 854 360 eren·

52 385 98 436 tus
108 378 271 439 Suetonius,
292 375 373 428 daret
383 391 492 445 pugnae
502 378 624 444 signum.

103 445 247 499 xxxvii.
267 445 434 511 deprimam
444 445 519 513 legio
530 445 746 512 gradulnmotn,
765 448 854 495 etan·

54 519 162 584 gustias
172 514 228 566 loci
239 530 290 581 pro
300 515 475 567 munimento
484 516 621 577 retinens,
632 520 697 580 post
716 527 782 568 uam
791 523 855 580 pro·

54 587 116 652 pius
127 598 294 650 suggressus
310 581 401 636 hostii
415 590 494 636 certo
511 583 587 635 iactu
601 583 660 634 tela
674 597 709 634 ex
730 588 855 645 smeret,

53 653 132 706 velut
146 666 235 704 cuneo
255 653 357 718 erupit.
392 652 469 704 ldem
483 652 663 704 auxiliarium
677 651 805 719 inpetusr
825 655 856 702 et

53 737 150 790 eques,
169 722 311 790 protentis
322 717 421 786 hastis,
438 721 600 790 perfringit,
617 719 693 789 quod
703 723 814 774 obvium
824 725 856 772 et

52 790 176 843 validum
187 796 258 852 erat.
294 791 389 842 Ceteri
401 798 482 860 terga
491 791 656 858 praebuere,
671 789 777 843 diillcili
787 787 856 840 ella·

51 861 109 928 gia,
131 859 795 927 quiaoireumiectavehiculasseperantabitus.
817 859 856 912 lit

50 928 134 980 miles
151 943 186 980 ne
201 928 348 980 mulierum
365 929 478 998 quidem
494 931 555 980 neci
572 929 762 994 temperabat:
791 942 855 978 con·

51 997 167 1064 fixaque
182 997 248 1048 telis
265 1000 351 1049 etiam
366 1003 492 1050 iumenta
501 1010 649 1060 corporum
659 998 797 1049 cumulum
809 1010 856 1047 au-

50 1071 164 1119 xerant.
201 1063 328 1116 Clara'et
344 1067 469 1134 antiquis
484 1067 611 1117 victoriis
626 1081 679 1132 par
694 1081 728 1117 ea
737 1065 782 1117 die
792 1065 855 1116 laus

51 1139 146 1204 parta.
183 1134 284 1200 quippe
300 1140 380 1198 sunt,
408 1135 456 1203 qui
472 1135 567 1202 paullo
582 1135 674 1186 miuus
685 1150 767 1206 quam
778 1137 855 1186 ooto·

51 1207 135 1273 ginta
144 1201 233 1252 millia
242 1202 443 1255 Britannorum
454 1205 590 1256 cecidisse
601 1203 725 1266 tradant,
735 1202 857 1254 rnilitum

52 1269 269 1342 quadringentis
280 1269 373 1324 ferme
379 1273 552 1334 interfectis,
575 1288 628 1324 uec
636 1272 725 1324 multo
736 1272 856 1338 amplius

51 1343 219 1394 vulneratis.
246 1341 712 1393 Boadiceavitamrenenoiiuivit.
739 1343 777 1392 Et
787 1339 857 1391 Poe·

52 1413 118 1463 nius
128 1409 292 1473 Postumus,
321 1409 486 1462 Praefectus
496 1416 654 1461 castrorum
669 1407 808 1467 secundae
817 1408 856 1458 le·

19 1489 23 1506 ¹
53 1478 856 1549 gionis,cognitisquartadecimanorumvicesimanorum-

54 1566 109 1617 que
121 1549 265 1616 prosperis
276 1550 368 1611 rebus,
380 1550 447 1616 qnia
455 1550 516 1615 pari
529 1546 857 1615 glorialegionemsuam

53 1618 248 1681 fraudaverat,
276 1620 483 1685 abnueratque,
514 1623 613 1669 contm
625 1617 713 1667 ritum
726 1614 857 1679 militiae,¹

53 1689 134 1740 iussa
144 1686 241 1750 Ducis,
260 1702 291 1739 se
301 1688 393 1756 ipsum
403 1687 497 1755 gladio
508 1688 655 1754 transegit.

105 1755 261 1809 xxxviii.
274 1758 442 1809 Contractus
448 1756 549 1809 deinde
555 1758 646 1808 omnis
656 1754 797 1807 exercitus
804 1752 857 1806 sub
917 1775 919 1780 ·

52 1825 177 1897 pellibus
192 1822 310 1877 habitus'
324 1831 381 1888 est,
409 1826 444 1876 ed
458 1826 568 1894 reliqua
577 1826 644 1878 belli
658 1822 857 1891 perpetranda.

53 1898 198 1962 Auxitque
208 1896 302 1961 copias
315 1894 431 1959 Caesar,
454 1896 548 1945 missis
560 1910 576 1946 e
587 1895 739 1947 Germania
748 1892 858 1945 duobus

52 1964 277 2033 legionariorum
288 1963 419 2027 millibus,
430 1969 494 2016 octo
506 1963 683 2015 auxiliarium
693 1960 858 2015 cohortibus

53 2046 87 2087 ae
100 2032 179 2084 mille
199 2029 354 2099 equitibus:
383 2048 503 2102 quorum
518 2033 640 2086 adventu
655 2034 760 2085 nonani
769 2030 859 2099 legio·

53 2104 137 2155 nario
150 2099 242 2160 milite
258 2102 379 2169 suppleti
395 2109 474 2166 sunt3
502 2100 634 2155 cobortes
650 2103 767 2169 alaeque
778 2102 859 2152 noris

53 2170 245 2225 hibernaculis
255 2169 378 2235 locatae,
400 2170 530 2240 quodque
541 2174 687 2224 nationum
697 2171 859 2236 ambiguum

54 2247 105 2294 aut
116 2240 265 2297 adversum
275 2239 378 2303 fuerat,
397 2242 457 2308 igni
468 2247 553 2307 atque
564 2240 640 2294 ferro
650 2231 796 2291 vastatur(
803 2235 860 2289 Sed
932 2262 943 2288 ,-

55 2310 241 2375 nibilaeque,
270 2308 468 2377 quamiames,
497 2309 648 2378 adfligebat
663 2308 792 2362 serendis
802 2305 861 2359 lru·

54 2382 139 2449 gibus
155 2378 323 2432 incuriosos.
360 2384 389 2431 et
405 2380 481 2431 omni
498 2384 595 2432 aetate
609 2379 644 2430 ad
654 2379 759 2430 bellum
768 2390 860 2438 versa,

54 2450 124 2502 dum
134 2452 249 2501 nostros
259 2445 431 2501 commeatus
447 2450 502 2501 sibi
519 2448 676 2500 destinant:
704 2452 861 2514 gentesque

53 2516 237 2587 praeferoces
248 2516 357 2569 tardius
367 2518 402 2569 ad
411 2532 506 2584 pacem
517 2518 667 2568 inclinant:
698 2518 764 2583 quia
774 2515 861 2565 lulius

54 2586 273 2647 Glaesicianus,
296 2600 441 2638 successor
452 2588 522 2639 Cato
538 2588 655 2645 missus,
685 2590 715 2636 et
725 2582 861 2633 Suetonio

53 2656 181 2719 discors,
209 2654 315 2721 bonum
325 2656 467 2723 publicum
481 2655 600 2723 privatis
617 2649 808 2704 simultatibus
818 2649 864 2699 in-
