2034 3025
140 185 143 201 Ι
174 123 210 176 oi
274 91 575 172 ursromsnvm
594 115 980 206 [susannens-

80 281 83 288 ,
172 223 257 282 Nero‚
268 221 405 288 eligendo,
420 225 452 268 ut
461 220 628 286 potissimos.
662 217 738 269 unde
748 217 833 284 longa
843 217 905 270 illis
916 235 984 287 erga
1010 252 1011 277 i

172 291 314 346 Neronem
329 289 408 350 tides,
428 293 457 338 et
472 292 566 346 erecta
579 287 609 338 in
620 284 758 339 Othonem
773 286 876 351 studia.
918 287 983 351 Sed,

175 375 229 428 quo
241 359 302 425 plus
312 357 411 408 virium
424 371 456 410 ac
466 357 584 418 roboris,
603 371 618 407 e
638 355 740 405 fiducia
750 355 869 405 tarditas
880 359 983 407 inerat

174 441 273 494 agmen
284 427 421 492 legionum
434 423 496 476 alae
508 422 690 490 cohortesque
701 423 929 488 praeveniebant.
947 429 983 478 Et
1011 454 1013 497 p

174 511 210 550 ex
220 498 279 562 ipsa
288 495 357 544 urbe
369 491 442 544 haud
454 492 611 558 spernenda
621 490 727 554 manus,
739 492 982 609 ‹poloquel'raeto-
1011 504 1012 573 l

173 567 232 616 riae
243 561 381 623 cohortes,
397 567 425 611 et
436 563 558 627 equitum
570 561 671 611 vexilla
680 576 741 610 cum
763 561 864 628 agione
876 565 980 626 prima:

174 648 207 686 ac
226 629 350 683 deforme
367 631 480 695 insuper
495 629 638 690 auxilium,
658 629 713 679 duo
733 629 822 679 millia
841 630 980 695 gladiato·

172 717 244 762 runi,
255 700 304 752 sed
313 714 362 766 per
372 697 550 756 civiliaarma
560 701 642 748 etiam
652 699 754 748 severis
766 697 891 752 Ducibus
903 715 980 750 usur·

174 775 280 838 patum.
325 769 377 824 liis
398 767 484 831 copiis
504 772 599 818 rector
618 765 729 816 additus
746 763 855 818 Annius
872 766 980 829 Gallus,

174 853 237 892 cum
252 836 392 895 Vestricio
413 833 551 900 Spurinna
570 834 605 886 ad
625 834 799 900 occupandas
818 834 889 893 Padi
905 837 979 903 ripas
1012 852 1013 855 ¹

174 906 363 974 praemissuri
379 905 507 978 quoniam
525 904 613 970 prima
627 903 804 954 consiliorum
819 902 929 956 frustis
939 921 978 956 ce·

176 975 313 1036 ciderant,
333 979 506 1038 transgresso
517 973 570 1023 iam
581 971 662 1038 Alpes
674 973 805 1034 Caecina,
824 989 909 1040 quem
920 976 977 1025 sisti

174 1044 249 1094 intra
260 1041 364 1092 Gallias
375 1057 458 1107 posse
474 1048 641 1108 speraverat.
675 1041 768 1109 Ipsum
784 1039 925 1102 Othonem
936 1058 975 1092 co·

169 1113 344 1174 ,mirabantur
354 1127 367 1160 s
388 1109 558 1166 oculatorum
570 1110 642 1161 lecta
652 1125 782 1177 corpora,
802 1125 865 1161 cum
876 1112 977 1163 ceteris

173 1179 324 1234 Praetoriis
336 1126 502 1241 coliortibus,
514 1180 636 1230 veterani
647 1195 662 1230 e
672 1179 830 1241 Praetorio,
850 1179 977 1232 classico·

173 1263 235 1303 rum
247 1250 343 1316 ingens
353 1263 492 1298 numerus.
528 1247 587 1298 Nec
601 1247 642 1298 illi
657 1263 741 1314 segne
755 1255 803 1298 aut
813 1257 975 1315 conruptum
994 1283 998 1289 -

174 1318 241 1369 luxu
253 1319 320 1369 iter:
341 1317 390 1368 sed
409 1316 497 1382 lorica
517 1315 608 1367 ierrea
627 1319 764 1379 nauseat,
783 1320 977 1385 etantesigna

175 1387 314 1456 pedester,
332 1385 470 1448 horridus,
485 1387 649 1452 incomptus,
669 1385 814 1453 famaeque
824 1385 976 1437 dissimilis.

227 1457 288 1508 xii.
324 1455 523 1508 Blandiebatur
534 1456 638 1521 coeptis
648 1454 780 1516 Fortuna,
790 1469 920 1522 possessa
928 1470 976 1522 per

175 1542 252 1578 mare
263 1532 291 1578 et
301 1542 384 1577 nares
396 1526 497 1577 maiore
509 1525 609 1575 ltaliae
619 1530 706 1591 parte,
725 1527 834 1589 penitus
844 1540 932 1591 usque
942 1524 977 1575 ad

142 1606 148 1613 ”
174 1598 284 1647 initium
295 1596 496 1646 maritimarum
506 1594 625 1660 Alpium.
664 1594 762 1660 quibus
776 1594 917 1644 tentandis
932 1593 978 1644 ad·

174 1664 396 1734 grediendaeque
407 1664 563 1731 provinciae
574 1662 755 1724 Narbonensi,
775 1661 907 1714 Suedium
920 1662 979 1713 Cle·

175 1739 304 1793 mentem,
322 1735 470 1783 Antonium
483 1732 640 1795 Novellum,
659 1732 806 1784 Aemilium
825 1729 978 1783 Pacensem

174 1802 269 1854 Duces
279 1800 402 1857 dederat.
438 1800 493 1853 Sed
504 1800 632 1853 Pacensis
649 1815 698 1867 per
709 1800 847 1852 licentiam
856 1798 979 1851 militum

174 1873 294 1921 vinctus:
315 1870 434 1921 Antonio
449 1870 568 1921 Novello
583 1869 661 1922 nulla
675 1871 838 1936 auctoritas:
859 1867 981 1921 Suedius

175 1939 302 1990 Clemens
312 1941 458 1992 ambitioso
468 1940 586 2006 imperio
596 1939 718 2005 regebat,
737 1944 769 1989 ut
779 1938 914 1990 aduersus
923 1952 981 1989 mo·

174 2006 290 2058 destiam
303 2007 461 2073 disciplinae
473 2015 632 2074 conruptus,
644 2008 683 2058 ita
693 2007 862 2074 proeliorum
871 2006 980 2057 aridus.

175 2074 238 2128 Non
251 2074 335 2125 ltalia
344 2077 414 2127 adiri
421 2112 429 2139 ‚
450 2091 499 2127 nec
509 2076 572 2126 loca
585 2077 719 2144 sedesque
730 2077 836 2143 patriae
847 2076 980 2127 rideban-

174 2150 234 2195 tur=
250 2149 390 2211 tamquam
402 2149 519 2197 externa
529 2145 614 2196 litora
625 2152 653 2196 et
663 2146 745 2196 urbes
757 2143 875 2196 hostium
887 2160 980 2205 urere,

173 2218 292 2275 vastare,
304 2227 413 2278 rapere:
433 2216 609 2276 contronius,
624 2214 699 2281 quod
708 2212 777 2265 nihil
789 2227 907 2280 usquam
920 2228 981 2279 pro·

172 2284 261 2333 visum
273 2280 418 2347 adversum
429 2289 528 2334 metus.
564 2282 643 2334 Pleni
658 2284 727 2351 agri,
743 2287 856 2348 apertae
867 2280 980 2343 domus,

173 2355 351 2402 occursantes
362 2350 465 2401 domini
481 2354 559 2403 iuxta
573 2353 704 2419 coniuges
719 2358 748 2403 et
762 2351 865 2401 liberos
874 2350 982 2401 securi-

172 2424 232 2469 tate
241 2420 317 2484 pacis
333 2424 361 2469 et
375 2418 441 2469 belii
457 2420 530 2470 rnalo
545 2422 835 2472 circumveniebantur.
872 2418 983 2474 Mariti·

94 2550 96 2555 Ι
172 2501 232 2538 uras
242 2491 302 2537 turn
318 2484 399 2552 Alpes
413 2488 526 2539 tenebat
541 2488 709 2540 Procurator
722 2488 829 2540 illarius
838 2485 982 2543 Maturus.

171 2554 200 2605 Is
211 2556 319 2605 concita
339 2559 421 2621 gente
442 2556 505 2617 (nec
516 2556 741 2618 deestiurentus)
753 2569 848 2607 arcere
860 2556 983 2620 'provin-

172 2621 343 2675 sueonibus
359 2622 532 2677 Othonianos
547 2624 673 2676 intendit.
708 2624 763 2678 Sed
781 2624 872 2691 primo
881 2624 984 2691 inpetu
