2034 3025
113 73 247 129 muri.
263 20 461 128 cneo-11.
480 63 788 145 [s.v.'7u9.s.c.1e.1
821 74 857 171 tr

50 189 116 237 nius
125 184 249 245 adstitit,
269 186 459 251 quaesitoque,
478 199 515 235 sss
526 181 627 235 Caesar
637 182 769 237 naum!
784 190 858 249 post·

7 272 9 277 ·
53 268 137 321 quarn
148 254 239 304 adesse
249 260 410 318 responsum
422 258 472 315 est,
481 259 514 302 st
523 250 618 303 liceret
625 251 787 322 cumfratre
795 266 857 305 eos·

53 323 136 390 loqui,
147 325 247 373 orarit
284 320 386 371 Eratis
399 322 428 371 in
442 320 582 384 exercitu,
601 324 785 389 cognomento
794 320 857 371 tls·

53 394 123 454 vius,
142 392 260 458 insignis
270 390 334 450 lide,
353 396 381 440 et
391 390 492 441 amisso
501 390 663 457 petruinus
672 387 753 440 oeulo
762 389 857 453 paucis

54 466 119 512 aute
132 462 221 520 anuis,
238 458 308 509 duee
318 458 440 509 'l'lberio.
467 464 526 509 tum
537 460 715 525 permissum
732 468 858 522 progres-

54 542 159 596 suisque
169 528 310 577 salutatur
321 528 356 577 ab
366 528 504 578 Arminius
523 530 579 608 qui,
598 528 701 579 amotis
822 524 859 575 ri·

55 598 115 658 bus,
137 604 170 646 ut
180 594 331 663 sagittarii,
351 604 445 647 nostre
451 611 503 661 pro
512 612 576 663 repa
586 593 727 663 dispositi,
738 609 756 645 s
802 592 860 643 ede·

55 672 137 727 rent,
148 663 287 729 postulat;
304 668 332 715 et
340 670 486 731 postquam
498 663 629 732 digressi,
649 663 759 715 undose
768 661 860 733 defor-

55 733 138 784 mitas
150 732 223 783 oris?
240 733 396 797 interrogat
416 731 541 783 fratrem.
569 732 620 783 illo
631 732 722 784 losum
733 735 763 781 et
777 744 858 795 pros·

57 800 124 851 lium
145 800 297 851 referente:
315 800 446 868 quodnam
464 801 616 868 proemium
634 798 794 869 recepissem
811 812 858 851 ex·
882 824 892 839 ι

55 870 152 935 quirit.
187 867 299 921 Flavius
310 875 394 920 aucte
404 867 547 936 stipendia,
566 878 687 937 torquem
696 877 859 923 eteorum

54 938 165 1005 aliaque
185 934 321 995 militaria
334 936 404 989 dona
418 943 568 1001 usemorat;
585 938 724 991 inridente
732 939 859 991 Arminio

54 1006 121 1055 vilia
130 1006 239 1055 servitii
250 1006 348 1069 pretia.

105 1072 142 1125 X.
159 1070 232 1123 Exin
244 1072 343 1123 diversi
354 1073 513 1124 ordiunturt
528 1071 574 1124 hio
582 1072 794 1143 magnitudinem
804 1071 859 1125 Ro·

53 1156 246 1207 meramnum
258 1137 393 1203 Caesaris,
412 1149 439 1191 et
449 1141 528 1193 victis
534 1158 633 1210 grener
639 1158 759 1211 poenesf
776 1141 806 1195 irs
815 1142 859 1194 de·

54 1210 183 1261 ditionem
198 1208 316 1261 uenienti
326 1218 457 1277 paratam
472 1210 639 1262 elementiam
647 1228 658 1271 ,-
674 1227 758 1279 sepse
767 1211 859 1264 conis·

51 1294 114 1345 gem
125 1274 250 1345 refilium
261 1276 318 1329 eius
332 1276 467 1329 hostiliter
481 1278 590 1329 ladem.-
606 1279 658 1331 ille
670 1280 722 1351 sas
738 1278 860 1347 patrios,

53 1345 209 1407 libertatem
229 1344 341 1408 avitam,
356 1347 507 1413 penetratis
529 1346 692 1400 Germaniae
710 1348 784 1409 deos,
803 1362 858 1397 ma·

52 1421 125 1465 trem
140 1413 379 1478 preeumsoeiam‚;
396 1431 429 1466 ne
445 1414 659 1481 propinquorum
678 1422 706 1465 et
719 1415 757 1466 ud
775 1412 859 1475 siem,

48 1481 341 1550 deniquegentinuae
352 1484 471 1535 desertor
480 1490 508 1534 et
514 1484 642 1550 proditor
652 1496 731 1550 quum
755 1496 781 1532 m
831 1496 859 1532 n·

53 1559 105 1617 tor⁴
118 1566 175 1602 esse
194 1552 295 1603 mallet.
330 1551 479 1604 Paullatim
495 1551 561 1603 inde
575 1552 611 1602 ad
625 1551 717 1618 iurgia
726 1563 778 1616 pro
790 1551 860 1614 apsi,

54 1633 109 1688 quo
119 1621 214 1670 minus
224 1633 344 1686 pugnam
355 1625 549 1682 consererent,
568 1635 605 1672 ne
619 1618 733 1676 flumine
747 1617 876 1686 quidem-

52 1689 204 1740 interiecto
216 1685 425 1750 eonibebantur,
435 1690 462 1738 ni
472 1687 623 1740 Stertinius
632 1687 791 1751 adcurrens,
801 1685 859 1754 ple·

54 1772 118 1818 num
130 1759 205 1817 irae,
225 1771 354 1824 armoque
364 1765 392 1810 et
401 1771 496 1824 equum
508 1761 668 1824 poscentem
679 1755 804 1808 Flavium
816 1762 857 1808 at·

19 1871 22 1877 .
53 1825 194 1876 tinuisset.
212 1826 376 1876 cernebatur
385 1831 485 1876 eontra
494 1825 700 1877 minitabundus
709 1826 858 1886 Arminium,

52 1893 245 1959 proeliumque
261 1892 436 1945 denuntians.
464 1907 528 1944 nam
544 1893 676 1961 pleraque
688 1892 791 1947 Latino
800 1908 857 1946 ser·

52 1975 136 2012 mone
146 1961 348 2026 interiaciebat,
366 1967 399 2014 ut
409 1956 456 2032 qui
465 1962 598 2014 Romanis
607 1964 637 2013 in
647 1964 745 2014 oustris
755 1961 855 2014 dumor

52 2029 229 2097 popularium
243 2033 401 2091 monuisset.
858 2083 864 2093 ,

8 2128 11 2132 -
104 2098 153 2154 XI.
173 2097 288 2151 Postero
304 2099 349 2152 die
359 2100 563 2152 Germanorum
583 2100 656 2152 acies
675 2104 752 2152 trans
762 2099 856 2152 Visur-

54 2167 109 2233 gim
121 2167 209 2217 stetit.
246 2167 357 2231 Caesar,
377 2169 428 2219 nisi
448 2170 579 2234 pontibus
596 2169 793 2236 praesidiisque
807 2169 856 2219 im·

54 2236 163 2299 positis,
184 2235 250 2286 dare
265 2237 293 2286 in
309 2236 455 2306 discrimen
476 2236 601 2305 legiones
615 2236 690 2288 haud
709 2238 856 2304 imperato·

54 2305 125 2354 rium
136 2309 231 2364 ratus,
250 2307 371 2370 equitem
382 2305 452 2358 rado
461 2307 600 2356 tramittit
619 2304 767 2372 praefuere
781 2304 856 2369 Ster-

51 2373 150 2432 tinius,
165 2377 194 2422 et
204 2387 219 2424 e
229 2387 345 2425 numero
356 2374 569 2440 primipilarium
580 2374 721 2436 Aemilius,
731 2370 856 2426 distanti·

52 2437 103 2490 bus
114 2440 302 2505 Iouisinreeti,
313 2447 346 2493 ut
355 2441 463 2495 hostem
475 2443 647 2495 diduoerent
675 2456 731 2509 qua
745 2443 857 2493 celent»

52 2522 113 2558 mus
124 2507 222 2572 amuis,
233 2511 406 2575 Cariorulda,
417 2511 472 2563 dux
482 2512 662 2572 Batavorum,
671 2511 775 2574 erupit:
793 2520 857 2557 eum

53 2575 202 2644 Cherusci,
222 2576 315 2648 fugam
335 2580 507 2644 simulantes,
527 2581 556 2632 in
576 2579 720 2647 planitiem
740 2573 858 2625 saltibus
