2034 3025
17 127 20 136 .
72 116 103 193 ⁴,
142 121 195 176 200
282 101 845 191 ,Nunarvmpsseoanascl
889 128 895 174 '·

145 197 956 225 -ss--ss———ss—a—

142 231 271 278 raetacus
281 224 558 290 hucillucs-olitans,
575 226 652 278 illum
666 227 748 291 diem,
766 227 843 281 illem
853 232 956 295 aciem,

140 299 307 360 testabatur,
319 304 367 348 aut
376 294 569 362 reciperandae
580 295 732 359 libertatis,
746 305 797 348 aut
806 298 956 354 servitutis

143 373 271 418 aeternae
281 363 475 482 initiumefore.
497 364 670 432 vocabatque
681 367 797 417 uomina
806 366 956 432 maiorum,

142 433 191 502 pai
202 431 372 486 Dictaturam
405 448 527 502 cesarem
537 433 716 500 pepulissent:
733 450 847 502 quorum
860 437 954 489 abtu-

141 511 170 556 ts
180 502 285 556 amaia
296 500 432 553 securibus
443 500 606 566 attributis,
622 502 790 560 intemerata,
801 503 953 576 coniugum

142 580 171 626 et
186 571 330 624 liberorum
345 585 458 636 corpora
475 570 632 624 retinerent.
669 572 749 625 liaeo
768 581 854 642 atque
874 575 953 626 talia

136 641 258 702 dicenti,
278 638 443 706 adstrepere
453 639 567 706 vulgusq
586 641 688 708 gentili
700 644 820 709 quisque
831 643 953 712 religio·

135 723 180 762 ue
191 708 347 778 obstringi,
356 707 487 770 non'tslis,
498 725 552 760 non
561 710 715 762 vulneribus
724 726 851 763 cessuros.

203 777 317 830 XXXV.
336 777 534 844 Obstupefecit
544 793 579 830 ea
588 779 721 831 alacritas
730 781 837 832 Ducem
847 781 951 833 Roma·

71 845 74 851 “
141 861 222 900 rrum:
244 845 328 896 simul
338 847 466 898 obiectus
476 850 583 910 amnis,
597 847 722 900 additum
732 850 850 912 vallum,
865 852 951 915 inmi-

141 915 242 968 nentia
251 916 328 982 iuga,
343 913 414 966 nihil
424 917 479 965 nisi
489 922 574 968 atrox
584 915 614 968 et
622 920 881 986 propugnatoribus
890 919 951 972 fre·

144 999 244 1053 quens,
254 984 390 1054 terrebat.
406 983 463 1036 Sed
472 986 553 1036 nriles
564 987 702 1052 proelium
712 1002 838 1053 poscere,
849 997 951 1040 cuncta

133 1052 247 1106 ,virtute
258 1053 461 1122 expugnabilia,
471 1055 628 1117 clamitare,
637 1055 836 1124 Praefectique
844 1071 877 1108 ac
885 1058 952 1109 Tri·

142 1124 213 1176 bani
223 1124 303 1190 paria
312 1123 501 1188 disserentes,
520 1124 650 1176 ardorem
666 1127 807 1177 exercitus
818 1126 950 1178 incende·

142 1193 222 1245 baut.
259 1194 331 1245 Tum
341 1192 487 1255 Ostorius,
509 1195 734 1261 circumspectis,
750 1210 822 1263 quae
831 1196 951 1265 'inpene-

144 1261 271 1328 trabilia,
286 1275 415 1329 quaeque
425 1263 532 1328 pervia,
543 1262 621 1313 ducit
631 1261 769 1327 infensos,
781 1279 949 1332 amnemque

144 1328 222 1382 haud
240 1329 390 1381 difficulter
407 1329 512 1381 evadit.
552 1331 607 1383 Vbi
625 1337 740 1384 ventum
755 1333 949 1402 ad'aggerem,

145 1400 212 1452 dum
222 1399 377 1452 missilibus
389 1399 562 1464 certabatur,
573 1401 638 1467 plus
648 1402 794 1454 vulnerum
804 1403 834 1454 in
843 1417 908 1465 uos,
919 1408 951 1454 et

59 1495 62 1498 ·
144 1469 299 1539 pleraeque
320 1469 420 1521 caedes
441 1471 615 1523 oriebantur.
651 1471 856 1541 Posteaquam,
873 1471 951 1524 iacta

145 1538 307 1603 testudine,
334 1540 420 1591 rudes
441 1543 470 1591 et
490 1540 626 1593 informes
646 1555 778 1594 saxorum
798 1556 950 1609 compages

146 1608 312 1672 distractae,
323 1624 428 1677 parque
439 1612 565 1661 cominus
573 1613 666 1673 acies3
685 1610 821 1663 decedere
832 1611 951 1665 barbari

146 1678 255 1743 iniuga
264 1678 409 1729 montium.
446 1676 501 1729 Sed
512 1694 546 1729 eo
558 1687 668 1746 quoque
685 1682 817 1745 inrupere
824 1678 951 1732 ferenta-

146 1747 207 1798 rius
223 1747 373 1813 gravisque
387 1746 481 1797 miles:
499 1748 541 1797 illi
551 1746 617 1797 telis
633 1747 824 1808 adsultantes,
841 1746 871 1797 hi
886 1762 952 1799 con·

146 1814 224 1865 ferto
234 1813 334 1879 gradu:
345 1815 467 1865 turbatis
478 1814 783 1866 contraBritannorum
792 1814 951 1881 ordinibus,

148 1881 222 1948 apud
233 1897 303 1948 quos
315 1882 392 1933 nulla
401 1882 552 1935 loricarum
561 1882 740 1950 galearumve
749 1886 891 1951 tegmina,
909 1891 951 1949 et,

82 1994 88 1999 .
147 1953 174 2002 si
184 1950 367 2001 auxiliaribus
378 1952 562 2014 resisterent,
582 1951 685 2019 gladiis
700 1966 732 2002 ac
745 1954 810 2020 pilis
824 1953 951 2021 legiona-

147 2019 314 2079 riorum31i
328 2016 382 2070 huc
396 2024 556 2083 verterent,
574 2019 683 2087 spathis
690 2025 724 2080 ,et
733 2020 825 2074 hastis
836 2023 951 2075 auxilia·

111 2087 113 2093 '
148 2090 222 2139 rium
232 2087 441 2139 sternebantur.
470 2088 553 2140 Clara
563 2104 599 2141 ea
607 2089 726 2142 victoria
735 2090 801 2154 fuit,
812 2098 950 2159 captaque

148 2166 237 2211 uxore
254 2163 283 2207 et
295 2154 356 2207 filia
366 2156 524 2223 Caractaci,
542 2157 647 2212 fratres
663 2175 774 2233 quoque
789 2163 819 2213 in
833 2160 951 2214 deditiu-

149 2240 214 2277 nem
229 2240 293 2278 acce
313 2226 345 2277 ti.

119 2324 121 2328 ·
201 2294 281 2347 XXX
307 2296 326 2348 l.
343 2296 406 2364 lpse
417 2299 462 2359 (ut
470 2296 559 2350 ferme
569 2301 665 2352 intuta
673 2302 741 2351 sunt
750 2298 879 2363 adversa)
887 2313 951 2351 urm

149 2364 235 2418 fldem
247 2364 487 2430 Cartismanduae,
499 2369 625 2436 Reginae
635 2369 819 2437 Brigantum,
834 2368 950 2440 potiris·

149 2440 205 2498 set,
217 2436 326 2487 rinctus
337 2450 370 2487 ac
379 2437 532 2490 victoribus
542 2436 666 2491 traditus
678 2444 732 2503 est,
743 2456 818 2493 nono
829 2444 894 2509 post
903 2450 951 2487 an·

149 2520 198 2567 no,
214 2504 763 2578 quambelluminBritanniacoeptumf
785 2510 951 2564 Vndsfams

150 2572 320 2626 etus‘evecta
330 2576 436 2633 insulas
449 2584 477 2629 et
492 2581 804 2647 proximas'provincias
819 2594 951 2648 pervaga-
1008 2612 1012 2618 »

150 2651 194 2709 ta,
214 2657 265 2713 per
285 2644 397 2698 ltaliam
417 2662 529 2717 quoque
548 2649 758 2703 celebrabatur:
775 2651 952 2718 avebantque
