2034 3025
39 83 44 91 ⁴
74 119 465 191 nasonicum-43.
483 122 793 199 [bunnensis
816 132 864 187 nr

56 202 861 227 --——————-*-—fl

54 243 153 289 status
163 241 192 286 et
202 234 345 295 Sacrovir,
354 236 458 284 intecto
468 232 694 301 cepitepugnnm
704 249 755 301 pro
766 236 866 289 Rome·

52 308 101 364 nis
110 303 403 366 eicon-ostentandae,
413 309 445 354 ut
455 301 576 367 ferebat,
586 302 714 355 virtutis.-
723 304 772 355 sed
783 307 866 371 capti-

52 378 98 437 vi,
117 370 424 433 menstruatarum,
441 371 865 441 adgnoscendumsepraedsisse,

53 443 224 509 arguebant.
261 440 410 491 consultus
419 455 503 507 super
513 456 548 493 eo
557 440 701 502 Tiberius,
718 438 865 507 adsperna-

53 520 102 563 tus
113 516 160 561 est
169 510 317 571 indicium,
327 509 450 576 aluitque
461 508 636 562 dubitatione
646 510 761 561 bellum.

107 578 196 630 XLll.
224 579 339 630 interim
349 578 449 629 Florus
464 579 594 631 insistere
609 578 769 641 destinatis,
786 578 867 645 pelli·

52 648 206 702 cerealem
216 648 354 715 equitum,
369 661 453 714 quae,
468 648 625 713 conscripta
635 648 779 717 Treveris,
794 648 866 701 mili·

52 721 96 769 tia
106 715 308 783 disciplinaque
318 715 633 780 nostrababebatunut,
643 718 730 770 caesis
740 716 867 785 negotia·

52 787 165 837 toribus
176 784 321 847 Romanis,
345 785 449 837 bellum
464 787 612 853 inciperet:
641 787 775 854 paucique
790 787 867 855 equi·

53 860 116 905 tum
127 854 265 919 corrupti3
284 853 381 920 plures
394 854 425 905 in
439 857 530 907 officio
545 870 680 909 inerme.
713 856 796 909 Aliud
807 854 866 906 rul-

54 938 108 991 gus
117 923 315 975 obaeratorum
326 928 376 972 aut
384 923 528 976 clientium
539 938 616 977 uma
626 925 712 992 cepit:
724 926 865 991 petebant·

55 991 227 1059 quercubus,
252 991 351 1059 quibus
365 1006 468 1044 nomen
482 991 643 1057 Arduenna,
662 1009 724 1045 curn
740 994 864 1061 legiones

54 1064 176 1126 utroque
191 1060 226 1109 ab
242 1062 380 1123 exercitu,
400 1076 468 1129 quas
481 1060 613 1113 Visellius
630 1068 659 1114 et
674 1063 703 1113 (l.
715 1058 800 1113 Silius
817 1062 865 1113 sd·

55 1130 143 1180 versis
153 1128 298 1179 itineribus
308 1130 485 1192 obiecerunt,
504 1136 664 1183 arcuerunt.
682 1132 863 1197 praemissus·
943 1167 949 1177 .

2 1247 8 1265 Ι
57 1212 111 1264 que
122 1212 185 1247 curn
194 1196 303 1249 delecta
312 1212 398 1250 manu
407 1199 495 1251 lulius
503 1200 601 1262 indus,
612 1214 628 1253 e
638 1201 748 1253 civitate
757 1198 864 1261 eadem.

57 1266 164 1317 discors
173 1265 276 1329 Floro,
295 1272 325 1317 et
333 1268 369 1319 ob
378 1266 408 1317 id
419 1268 672 1335 navandaeoperae
682 1268 803 1330 avidior,
823 1269 864 1318 in·

57 1332 414 1386 conditammnltitudinem
423 1332 514 1388 adbuc
524 1337 640 1391 disiecit.
668 1336 769 1388 Florus
778 1338 866 1387 incer-

56 1402 96 1453 tis
106 1401 221 1453 latebris
230 1404 351 1455 victores
362 1402 523 1467 inlustratus,
533 1410 687 1468 postremo,
697 1406 763 1455 visis
773 1398 866 1455 militi·

56 1468 127 1535 bus,
139 1471 187 1539 qui
198 1469 302 1540 eliogia
311 1471 480 1536 insederant,
486 1486 538 1523 sua
547 1486 632 1524 mauu
641 1471 749 1534 cecidit.
784 1473 867 1538 lsqus

58 1542 351 1594 Trevericitumultus
359 1539 434 1592 linis.

109 1609 212 1662 XLlll.
230 1609 310 1675 Apud
319 1607 429 1661 Aeduos
439 1611 531 1660 maior
540 1607 628 1660 moles
637 1613 748 1671 exorta,
763 1612 868 1676 quanto

57 1677 156 1732 civitas
167 1679 335 1745 opulentior,
340 1682 369 1731 et
374 1677 575 1746 comprimendi
584 1677 680 1744 procul
690 1676 868 1743 praesidium.

58 1747 303 1814 Augustodunum,
332 1751 416 1812 caput
438 1749 543 1814 gentis,
571 1749 685 1801 sumtis
705 1743 868 1798 cohortibus

59 1815 190 1868 Sacrovir
213 1821 411 1882 occupaverat,
441 1821 470 1868 et
493 1815 692 1868 nobilissimam
712 1815 867 1866 Galliarum

58 1885 199 1948 subolem,
218 1885 381 1957 liberalibus
394 1884 494 1936 studiis
510 1885 550 1936 ibi
565 1889 722 1952 operatam,
742 1889 774 1936 ut
785 1898 818 1936 eo
828 1885 869 1950 pi·

57 1955 146 2022 gnore
170 1959 300 2020 parentes
323 1955 550 2022 propinquosque
573 1965 669 2006 eorum
693 1953 867 2022 adiungeret.
949 1961 953 1972 ¹

57 2023 254 2087 simulamus,
273 2022 382 2074 occulte
401 2022 549 2086 fabricata,
573 2023 708 2076 iuventuti
730 2022 866 2088 dispertit.

58 2091 253 2160 Quadraginta
262 2093 351 2160 millia
360 2091 450 2156 luere,
456 2093 552 2160 quinta
561 2093 604 2143 sui
615 2096 694 2158 perte
705 2091 867 2158 legionariis

59 2161 158 2224 annis3
183 2163 267 2212 ceteri
282 2175 344 2212 curn
352 2160 495 2212 venabulis
505 2165 535 2212 et
544 2160 656 2222 cultris,
675 2174 799 2227 quaeque
810 2159 867 2209 alia
913 2204 915 2210 ,

6 2272 12 2280 .
58 2229 226 2282 venantibus
239 2228 298 2282 tela
312 2233 384 2280 sunt.
411 2229 552 2281 adduntur
566 2244 582 2280 e
597 2229 716 2280 servitiis
730 2227 866 2295 gladiatu-
938 2256 941 2265 ι

51 2312 108 2351 ¹roe
119 2299 267 2360 destinati,
286 2299 385 2369 quibus
394 2313 473 2348 more
483 2299 605 2364 gentico,
626 2298 786 2348 continuum
796 2293 866 2348 terri

60 2369 197 2434 tegimen,
211 2366 405 2434 cruppellarios
419 2371 531 2428 vocant,
546 2365 698 2417 inferendis
713 2365 812 2416 ictibus
826 2367 867 2414 in·
972 2367 984 2382 ⁵

59 2433 181 2498 habiles,
200 2434 366 2502 accipiendis
376 2434 613 2500 impenetrabiles,
629 2432 866 2500 augebunturbss

59 2503 324 2573 eopiae2vicinarum
338 2505 493 2566 civitatum,
512 2508 545 2554 ut
558 2502 678 2553 nondum
695 2508 865 2567 aperta‘con·
917 2551 921 2558 ,

57 2576 204 2636 censione,
223 2575 265 2624 ita
277 2573 380 2624 viritim
394 2572 530 2640 promptis
543 2571 657 2632 studiis,
677 2575 706 2621 et
715 2569 865 2618 certamine

57 2640 170 2695 Ducum
178 2641 380 2708 Romanorum,
399 2655 470 2711 quos
483 2637 772 2716 interambigebstrrr5
790 2640 852 2684 utro

276 2794 282 2823 l
301 2821 304 2824 Α
