2034 3025
146 140 199 194 eae
272 137 501 200 snnnrnvn
522 140 677 208 [nvem.
694 139 833 214 scae}

150 242 204 290 ctis
226 238 351 291 citharae
371 238 483 307 legibus
503 240 715 308 obtemperans:
734 253 769 290 ne
785 237 959 290 fessusresi·

150 307 243 372 deret,
261 325 297 361 ne
309 307 450 371 sudorem,
470 309 527 358 nisi
544 323 587 371 ea,
608 323 690 376 quam
707 308 816 359 indutui
828 309 957 374 gerebat,

148 386 229 431 veste
250 377 427 444 detergeret:
445 376 573 428 utnulla
592 379 648 429 eris
663 384 712 429 aut
731 378 841 428 narium
863 391 957 428 excre-

58 494 60 498 ,
148 455 247 500 menta
266 449 438 498 viserentur.
472 445 622 498 Postremo
634 445 724 498 flexus
739 461 829 513 genu,
851 451 881 498 et
895 461 957 498 cue·

147 523 209 569 tum
224 516 303 567 illurn
317 530 402 566 manu
418 521 586 577 veneratus,
608 517 767 580 sententias
777 515 898 567 iudicum
911 531 958 583 op·

148 587 314 653 periebatur
322 583 389 636 ficte
400 598 514 652 pavore.
552 585 588 666 ljlt
597 585 677 652 plebs
689 585 803 651 quidem
813 586 902 648 urbis,
915 583 958 635 bi·

149 657 290 707 strionum
311 669 420 720 quaque
441 659 540 720 gestus
558 669 654 705 iuvare
671 654 764 716 solita,
783 656 959 720 personabat

150 723 237 776 certis
249 721 340 773 modis
353 724 508 789 plausuque
520 723 685 787 composito.
723 723 860 774 Crederes
871 725 959 776 laeta-

148 795 190 844 ri:
209 808 242 844 ac
251 791 375 843 fortasse
386 791 576 853 laetabantur,
587 806 638 858 per
648 793 784 842 incuriam
795 793 900 859 publici
911 791 959 844 lla·

171 863 225 913 itii.

149 877 169 930 g
203 931 237 983 V,
256 929 312 981 Sed
323 931 370 997 qui
381 930 499 982 remotis
512 929 708 999 municipiis,
719 946 902 1002 severamque
913 934 960 986 ad·

149 1000 204 1052 buc
214 1005 245 1051 et
255 1001 364 1066 antiqui
375 1002 462 1051 moris
473 1001 632 1052 retinentes
644 1002 765 1065 ltaliam,
782 1005 898 1070 quique,
908 1019 960 1068 per

148 1069 250 1138 longas
261 1069 433 1137 provincias,
453 1069 585 1121 lasciviae
601 1069 753 1136 inexperti,
776 1072 866 1123 allicio
881 1073 959 1140 lega·

149 1142 258 1192 tionum
269 1143 319 1190 aut
329 1141 439 1207 privata
448 1139 587 1201 utilitate,
608 1139 793 1202 advenerant,
809 1155 901 1206 neque
913 1141 960 1191 ad·
979 1167 982 1177 ·

150 1215 276 1275 spectum
287 1209 366 1259 illum
377 1208 513 1270 tolerare,
532 1223 625 1277 neque
636 1210 726 1259 labori
738 1207 889 1258 inhoneste
901 1210 960 1259 sus-

149 1279 247 1329 lieere:
257 1293 328 1341 cum
343 1279 472 1329 manibus
488 1279 592 1329 nesciis
607 1277 787 1338 fatiscerent,
807 1277 961 1328 turbarent

150 1362 255 1416 gnaros
266 1363 299 1399 ac
314 1362 398 1414 saepe
408 1349 573 1399 amilitibus
589 1349 822 1409 verberarentur,
841 1347 888 1411 qui
908 1361 960 1413 per

150 1433 256 1470 cuneos
265 1419 389 1481 stabant,
404 1433 440 1469 ne
450 1417 670 1484 quodtemporis
681 1421 854 1487 mamentnm
864 1417 959 1482 inpari

151 1487 275 1541 clamore
292 1493 342 1539 aut
356 1488 472 1540 silentio
493 1489 575 1557 segni
595 1487 774 1554 praeteriret.
812 1486 959 1548 Constitit,

149 1558 302 1626 plerosque
313 1560 457 1626 Equitum,
477 1557 543 1609 dum
555 1572 605 1623 per·
616 1559 763 1625 angustias
775 1556 867 1609 aditus
879 1561 907 1607 et
917 1556 958 1606 in-

151 1634 301 1695 gruentem
310 1627 683 1690 multitudinemenituntur,
696 1628 826 1694 obtritos,
838 1630 867 1679 et
878 1624 959 1689 alios,

151 1697 217 1747 dum
233 1698 307 1748 diem
322 1705 490 1763 noctemque
505 1695 642 1747 sedilibus
659 1696 840 1756 continuant,
859 1693 958 1746 morbo

152 1765 291 1817 exitiabili
308 1771 468 1831 correptos.
498 1764 601 1830 quippe
618 1765 732 1830 gravior
745 1764 840 1813 inerat
854 1769 962 1827 metus,

152 1836 177 1884 si
188 1834 348 1900 spectaculo
360 1833 534 1894 defuissent,
555 1831 652 1881 multis
666 1830 768 1895 palam,
788 1834 818 1881 et
832 1828 959 1896 pluribus

152 1904 279 1963 occultis,
298 1907 331 1952 ut
350 1902 465 1952 numina
484 1915 517 1951 ae
535 1899 640 1962 vultus,
661 1900 847 1963 alacritatem,
864 1902 959 1953 tristi·

141 1974 277 2038 ‚tiamque
288 1969 664 2031 coeuntiumscrutarentur.
686 1968 769 2021 Vnde
780 1972 958 2023 tenuioribus

151 2042 250 2092 statim
265 2040 399 2107 inrogata
412 2038 563 2105 supplicia,
584 2036 719 2089 adversus
729 2038 866 2092 inlustres
877 2041 959 2092 dissi-

150 2109 288 2163 mulatum
299 2108 336 2159 ad
350 2122 485 2178 praesens
497 2111 528 2159 et
538 2121 604 2158 mox
615 2107 757 2160 redditum
768 2109 872 2162 edium.
907 2110 959 2163 Fe·

151 2179 308 2245 rebantque
324 2175 528 2244 Vespasianum,
549 2178 957 2244 tamquamsarnnacenniaeret‚

150 2267 168 2301 a
178 2246 287 2300 Phoebe
297 2246 580 2316 liberteincrepe'tnm,
599 2264 732 2318 aegreque
743 2247 882 2303 meliorant
895 2265 958 2316 pre·

150 2316 225 2368 cibas
245 2317 394 2371 allectam.-
420 2334 482 2372 nean
496 2317 674 2375 inminentem
689 2317 838 2387 perniciem
856 2318 960 2371 aratore

149 2385 213 2455 sate
229 2384 369 2458 effugisse.
984 2448 987 2453 ¹

202 2455 248 2507 Vl.
266 2456 338 2526 Post
354 2457 440 2522 finem
458 2456 571 2522 ludicri,
589 2457 719 2527 Poppaea
738 2463 859 2512 mortem
877 2459 959 2521 abiit,

149 2525 271 2580 fortuita
281 2528 376 2581 mariti
388 2527 549 2590 iracundia,
570 2542 655 2595 aque
672 2528 788 2595 gravida
804 2529 861 2581 ictu
874 2528 957 2581 calcis

149 2595 264 2648 adflicta
274 2602 327 2649 est.
339 2612 429 2663 neque
442 2599 516 2648 enim
527 2595 665 2649 venenum
676 2596 852 2658 crediderim,
864 2610 958 2662 quam·

148 2666 192 2718 ris
203 2666 314 2735 quidam
325 2668 478 2736 scriptores
489 2667 614 2732 tradant,
625 2666 690 2725 odiu
701 2667 807 2735 magis,
825 2679 908 2740 quam
919 2680 954 2719 es
