2034 3025
65 109 69 123 Ι
154 156 787 239 iiiiii.cur.tt[s.v.767.u.c.1o.1
857 163 876 216 5

69 268 231 331 induxerat3
250 284 301 321 nec
311 270 376 320 durn
388 269 478 335 posita
487 269 589 335 puerili
599 277 751 335 praetexta,
766 269 875 323 Princi-

67 354 115 405 pes
135 338 291 390 Iuventutis
311 338 455 404 appellari,
476 339 611 389 damnari
626 338 874 406 consumpsere

69 402 223 459 recusantis
236 408 451 475 flagrantissime
461 410 613 473 cupiverat
638 408 676 458 Vt
685 409 807 473 Agrippa
816 410 874 459 vita

70 478 213 539 concessit,
233 476 266 528 L.
278 476 434 536 Caesarem,
445 484 557 528 euntem
568 476 605 527 ad
615 476 816 542 Hispanicum
827 490 873 527 er·

69 547 180 609 ercitirs,
192 547 298 607 Caium,
313 550 483 595 remeantem
494 547 626 597 Armenia
635 552 664 596 et
674 544 789 596 vulnere
800 546 873 595 inra-

68 612 167 675 lidum,
187 630 263 665 mors
274 612 333 665 fato
349 628 468 679 propera
478 614 523 665 rei
533 628 668 666 novercae
679 613 776 665 Livias
791 612 874 664 dolas

69 683 199 746 abstulitr
217 682 366 749 Drusoque
388 681 496 747 pridem
517 684 664 744 intincto,
682 681 874 735 Nerosoluse

68 752 199 819 privignis
220 756 295 802 erat:
315 750 383 800 illuc
398 758 498 802 cuncta
511 767 640 817 vergere:
660 751 744 811 tilius,
763 751 875 816 collega

68 821 190 887 imperii,
211 832 328 870 consors
343 819 520 871 Tribunieiae
540 820 688 887 potestatis
707 820 875 881 adsumitur,

41 906 49 917 ⁸
68 890 210 955 omnisque
222 902 273 954 per
283 890 423 939 exercitus
433 894 606 952 ostentatum
625 903 681 939 non
692 888 827 951 obscuris,
841 891 876 939 ut

68 963 157 1021 antea,
178 958 276 1007 matris
287 956 407 1018 artibus,
426 957 475 1009 sed
487 957 578 1024 palam
589 956 712 1009 hortatu.
748 958 819 1011 Nam
831 970 874 1009 aa·

67 1041 127 1077 neni
133 1028 290 1093 Augustum
299 1025 460 1076 devinxerat
469 1027 550 1088 adeo,
558 1028 600 1078 uti
610 1034 741 1093 nepotem
752 1028 875 1087 unicum,

66 1095 215 1163 Agrippam
226 1094 398 1157 Postumum,
412 1095 441 1145 in
456 1096 576 1149 insulam
587 1096 745 1148 Planasiam
756 1096 874 1162 proiice-

67 1172 123 1227 ret‚
140 1164 242 1215 rudem
256 1178 323 1215 saue
334 1163 469 1218 bonarum
480 1167 584 1217 artium
596 1172 624 1218 et
634 1165 735 1217 robore
747 1164 873 1230 corporis

67 1232 169 1285 stolide
186 1231 318 1295 ferocem,
337 1232 442 1295 nullius
457 1239 551 1285 tamen
573 1235 672 1301 ilagitii
692 1239 872 1301 compertum.

67 1302 100 1351 nt
118 1299 234 1353 hercule
249 1300 459 1364 Gennanioum,
478 1303 573 1355 Druso
592 1308 694 1365 omum,
713 1308 778 1353 octo
798 1300 874 1366 apud

68 1366 192 1421 Rhenum
203 1370 360 1437 legionibus
369 1372 512 1437 imposuit,
523 1372 677 1439 adscirique
688 1387 738 1438 per
747 1371 874 1436 adoptio·
968 1418 975 1429 ,

69 1452 129 1489 nem
141 1440 278 1490 a'l‘iberio
289 1440 563 1508 iussit;·quamquam
574 1447 648 1492 esset
657 1441 686 1490 in
697 1440 780 1492 donno
790 1440 873 1489 libe·
979 1444 992 1461 ·

68 1508 101 1558 rii
115 1506 189 1560 iilius
203 1499 325 1571 iuvenis3
343 1508 393 1560 sed
409 1525 464 1577 quo
479 1510 606 1576 pluribus
622 1509 802 1560 munimentis
811 1506 874 1556 insi-

68 1580 163 1628 steret.
199 1577 311 1628 Bellum
322 1592 356 1628 en
367 1582 533 1643 tempestate
544 1578 661 1638 nullum,
676 1577 730 1626 nisi
742 1577 874 1626 adversus

69 1643 231 1708 Germanos,
242 1652 401 1712 superarem
422 1647 578 1699 abolendae
589 1647 676 1713 magis
687 1643 829 1705 infamiae,
838 1642 875 1693 ob

68 1715 198 1775 amissum
211 1730 273 1766 cum
284 1715 435 1777 Quinctilio
446 1717 522 1768 Varo
533 1717 696 1777 exercitum,
705 1727 787 1782 quam
799 1712 874 1779 cupi-

68 1781 137 1835 dine·
150 1783 313 1850 proferendi
334 1785 443 1850 imperii
464 1791 515 1835 aut
532 1785 647 1853 dignum
661 1784 696 1834 ob
712 1784 875 1850 praemium

67 1849 149 1903 Domi
160 1868 206 1905 res
216 1851 385 1920 tranquillae
395 1867 402 1915 ;
423 1855 521 1905 eadem
535 1855 747 1920 magistratuum
757 1852 876 1904 vocabu·

67 1919 107 1972 la:
125 1923 252 1990 iuniores
267 1927 332 1986 post
350 1923 490 1974 Actiacam
509 1924 669 1984 victoriam,
689 1921 773 1972 etiam
793 1933 875 1972 senes

67 1989 190 2058 plerique
200 1992 275 2040 inter
284 1989 360 2041 bella
375 1991 474 2042 civium
490 1992 559 2042 nati.
577 1993 796 2059 quotusquisque
809 1988 874 2041 reli·

66 2074 143 2125 quus,
153 2059 201 2125 qui
212 2075 272 2110 rem
283 2060 421 2125 publicam
432 2059 564 2112 vidisseti
846 2118 850 2123 ,

18 2143 20 2190 ;
132 2129 390 2194 lV21giturrerso
411 2130 531 2181 civitatis
551 2132 640 2191 statu,
664 2127 740 2187 ΜΗ
753 2141 872 2196 usquam

18 2231 19 2252 ,
66 2197 150 2260 prisci
171 2201 201 2248 et
219 2197 322 2264 integri
342 2199 440 2248 moris:
455 2213 570 2261 omnes,
589 2201 674 2251 exuta
692 2198 873 2265 aequalitate,

65 2266 141 2316 iussa
150 2264 290 2332 Principis
301 2265 479 2332 adspectare3
498 2267 577 2320 nulla
589 2270 619 2319 in
633 2283 767 2334 praesens
777 2265 872 2324 fornii·

66 2331 142 2396 dine,
161 2333 229 2386 dum
238 2335 379 2402 Augustus
395 2342 487 2388 aetate
500 2336 611 2391 validus
622 2351 709 2405 seque
720 2335 870 2388 etdomum

18 2455 19 2458 Ἴ
67 2406 93 2452 et
108 2415 204 2468 pacem
223 2405 398 2455 sustentavit.
434 2405 585 2473 Postquam
605 2412 737 2472 provecta
754 2405 809 2456 iam
828 2417 873 2454 se·

65 2475 163 2522 nectus
174 2486 259 2539 aegro
270 2477 299 2524 et
309 2487 425 2540 corpore
436 2473 620 2542 fatigabatur,
640 2476 792 2540 aderatque
808 2472 878 2521 linis

66 2544 92 2590 et
107 2554 170 2606 spes
185 2555 287 2594 novae:
308 2545 390 2609 pauci
404 2543 478 2594 bona
487 2544 626 2596 libertatis
636 2544 774 2596 incassum
785 2541 870 2591 dissa-

64 2619 141 2659 rere:
171 2609 267 2676 plures
286 2610 391 2663 bellum
416 2621 578 2679 pavescere,
597 2614 645 2666 alii
670 2623 786 2679 cupere:
805 2621 870 2672 pars

18 2679 21 2706 ¹
65 2675 153 2731 multo
163 2678 286 2734 maxima
294 2679 463 2736 imminentia
474 2683 603 2736 domnos
616 2682 700 2735 variis
711 2676 874 2736 rumoribus
