2034 3025
161 97 213 157 ean
282 62 840 164 suunnrvnr[inmanem]
913 87 919 96 ·

162 205 259 272 pinqui
270 205 354 270 Regis
364 205 438 255 inter
454 205 591 270 mancipia
608 203 789 255 habebantur.
826 203 889 264 Qua
900 219 979 268 cou-x

163 274 286 334 tumelia,
305 278 334 324 et
344 279 420 324 metu
430 275 587 340 graviorum
611 272 720 339 qnando
730 273 760 322 in
769 271 889 322 formam
900 287 963 337 pro-

163 344 431 404 vinciaecesserant)
442 343 553 406 rapiunt
596 357 654 404 ma,
674 343 818 410 commotis
829 341 863 391 ad
875 341 964 393 rebel-

161 411 296 463 lationem
306 410 538 476 Trinobantibus,
563 416 592 461 et
597 447 606 473 ,
629 411 676 477 qui
687 410 735 460 alii
745 408 869 460 nondum
880 410 965 460 servi·

76 513 84 532 ,-
112 475 114 478 ’
156 475 201 532 ¹tio
212 481 305 541 fracti,
334 494 475 531 resumere
492 480 651 531 libertatem
667 479 783 541 occultis
794 479 964 529 coniuratio-

151 551 241 602 nibus
252 549 426 614 pepigerant3
446 550 581 600 acerrimo
597 550 626 598 in
635 554 782 600 veteranos
791 547 865 600 odio.
887 549 967 613 quip-

161 631 199 684 pe'
205 621 234 668 in
245 617 381 668 coloniam
393 617 613 668 Camulodunum
622 633 718 669 recens
729 616 854 678 deducti,
878 616 965 682 pelle·
1005 653 1013 658 -

127 723 132 730 .
162 688 230 738 bant
239 686 377 748 domibus,
407 687 592 739 exturbabant
600 689 688 754 agris,
718 686 853 753 captivos,
876 699 967 736 amoos

162 755 197 818 ad
219 754 342 806 ellando:
354 753 510 806 foventibus
521 757 702 822 inpotentiam
713 762 910 807 veteranorum
917 756 967 804 mi-

151 771 269 884 litibus,
288 822 467 876 similitudine
478 827 567 886 ritae,
591 831 619 875 et
628 840 677 891 spe
688 824 810 875 eiusdem
820 823 964 875 licentiae.

161 892 203 944 Ad
214 891 282 944 haee
295 893 446 958 templum,
473 893 508 944 D.
524 893 642 955 Claudia
656 895 853 953 constitutum,
884 893 965 960 quasi

161 975 212 1012 arx
222 967 351 1012 aeternae
361 961 559 1021 dominationis
569 953 783 1028 adsbioiebatum
808 961 965 1028 delectique

162 1029 338 1091 Sacerdotes,
358 1033 450 1095 specie
462 1031 616 1098 religionis,
630 1047 725 1083 omnes
736 1030 864 1081 fortunas
874 1029 965 1080 effun-

164 1099 274 1150 debant.
311 1097 370 1150 Nec
386 1100 503 1150 arduum
519 1100 677 1162 ridebatur,
706 1099 879 1151 exscindere
890 1100 965 1150 colo·

163 1167 251 1230 iriam,
270 1168 355 1218 nullis
366 1166 542 1220 munimentis
553 1176 673 1235 septam:
698 1168 770 1237 quod
781 1169 904 1230 Ducibus
915 1182 965 1218 no-

70 1303 94 1310 ⁴.
116 1304 136 1312 ¹·
163 1238 229 1288 stris
244 1251 339 1302 parum
358 1239 496 1303 provisum
513 1244 588 1300 erat,
615 1239 681 1290 dum
695 1238 858 1298 amoenitati
878 1239 964 1304 prius,

164 1321 246 1373 quam
257 1307 320 1356 usui
330 1306 492 1357 consulitur.

218 1375 330 1426 XXXll.
342 1375 502 1442 lnterquae,
514 1377 593 1427 nulla
602 1376 693 1442 palam
705 1392 811 1440 caussa,
823 1373 969 1440 delapsum

168 1443 350 1506 Camuloduni
361 1447 539 1496 simulacrum
551 1445 701 1508 Victoriae,
727 1461 759 1496 ao
766 1451 845 1496 retro
853 1459 970 1495 conver-

167 1530 237 1577 sum,
259 1515 337 1581 quasi
349 1515 460 1567 cederet
471 1514 604 1567 hostibus,
626 1519 662 1567 Et
674 1516 793 1566 feminae
803 1516 832 1564 in
843 1513 969 1565 furorem

166 1586 308 1646 turbatae,
337 1584 563 1648 adesseexitium,
594 1587 737 1636 canebant.
773 1586 970 1649 Externosque
997 1585 1001 1587 ’

107 1701 112 1711 ,
167 1650 296 1705 fremitus
306 1654 334 1701 in
345 1655 420 1703 curia
432 1669 528 1703 eorum
539 1655 662 1716 auditos;
692 1654 871 1704 consonuisse
881 1651 972 1702 ulula·

166 1722 239 1772 tibus
250 1716 413 1785 theatrum,
437 1722 577 1789 visamque
587 1725 705 1788 speciem
720 1726 747 1772 in
764 1723 904 1773 aestuario
919 1724 973 1772 Ta·

168 1804 259 1840 mesae
279 1790 426 1841 subversae
448 1790 588 1853 coloniae3
615 1793 670 1841 iam
692 1792 833 1843 Oceanum
853 1794 971 1842 cruento

166 1858 316 1923 adspectu3
345 1857 484 1909 dilabente
501 1865 594 1922 aestu,
624 1858 807 1911 humanorum
822 1874 972 1926 corporum

169 1924 273 1994 effigies
283 1926 409 1991 relictas,
438 1932 469 1978 ut
479 1928 608 1979 Britanni
624 1929 659 1980 ad
674 1945 777 1997 spem,
793 1931 835 1979 ita
844 1929 973 1981 veterani

168 1996 204 2046 ad
218 1994 492 2048 metum'trahebant.
530 1996 596 2061 Sed,
624 2000 690 2065 quia
703 1998 801 2065 procul
820 1996 973 2065 Suetonius

168 2063 291 2130 aberat„
301 2066 422 2130 petivere
434 2082 450 2115 a
459 2067 529 2118 Cato
540 2067 679 2131 Deciano,
703 2068 889 2119 Procuratore
896 2104 904 2130 ,
926 2083 975 2117 au·

167 2133 273 2184 xilium.
310 2134 360 2196 llle
371 2132 444 2185 haud
456 2136 585 2201 amplius,
603 2152 686 2203 quam
698 2137 842 2199 ducentos,
862 2138 924 2188 sine
934 2137 973 2186 iu·

112 2212 117 2217 ·
167 2204 219 2252 atis
239 2204 424 2254 armismisit:
453 2206 710 2257 etincratmodica
723 2206 844 2257 militurn
864 2221 974 2274 manus.

167 2271 269 2321 Tutela
279 2272 373 2341 terrrpli
384 2271 458 2337 freti,
479 2279 507 2325 et
516 2276 734 2341 inpedientibus,
755 2276 801 2342 qui
813 2276 922 2325 occulte
932 2290 973 2326 re·
997 2300 1000 2305 ·

167 2339 296 2391 bellionis
307 2342 435 2403 conscii,.
451 2344 566 2393 consilia
574 2345 738 2406 turbabant,
762 2359 853 2413 neque
864 2342 971 2395 fossam

168 2417 216 2457 ant
225 2408 328 2458 vallum
346 2410 564 2475 praeduxerunt,
592 2428 695 2479 neque,
726 2413 809 2464 motis
819 2413 934 2465 senibus
945 2420 974 2463 et

169 2476 289 2538 feminis,
313 2480 440 2529 iuventus
449 2480 509 2529 sula
520 2482 635 2532 restitit:
662 2484 740 2548 quasi
750 2482 844 2539 media
854 2497 924 2548 pace
934 2484 975 2533 io·

168 2547 251 2607 cauti,
270 2546 447 2599 multitudine
457 2549 638 2600 barbarorum
649 2551 909 2601 circumveniuntur.
937 2551 975 2602 Et

167 2620 261 2667 cetera
271 2614 485 2685 quideminpetu
495 2617 612 2685 direpta,
626 2620 797 2674 anciacense
807 2624 885 2671 sunt:
904 2626 975 2673 tem-
