2034 3025
141 109 469 169 pransorem-os.
505 76 782 184 innuerem
819 116 867 170 ιω

115 217 198 268 xcu.
235 214 442 282 Praeposuerat
450 215 640 267 Praeterieris
651 216 681 268 P.
692 215 833 284 Sabinum,
853 233 869 274 e

62 285 243 340 Praefectura
257 285 394 349 cohortis;
416 285 668 350 lulium'Priscum,
694 291 753 338 tun
770 289 869 339 Centu-
928 319 933 328 ι

62 357 183 408 nonem:
201 353 313 407 Priscus
331 355 467 417 Valentis,
487 352 759 407 Sabinus‘Caecinae
778 359 869 424 gratia

61 425 215 492 pollebant.
250 425 328 476 lnter
342 424 483 476 discordes
499 423 614 476 Vitellio
628 421 703 490 nibil
719 428 868 476 auetorita-

62 496 108 545 tis.
144 494 360 560 munialrnperii
371 494 489 545 Caecina
498 507 531 544 ac
540 492 645 556 Valens
657 493 781 545 obibant:
801 494 866 546 olim

63 563 138 614 anxii
148 562 233 624 odiis,
253 570 337 628 quae,
357 563 431 614 bello
447 566 476 614 et
490 563 587 613 castris
597 563 669 613 male
685 562 868 629 dissimplata,

61 632 187 698 pravitas
197 633 363 694 amicorum,
383 636 412 682 et
427 630 547 683 fecunda
562 631 707 698 gignendis
716 627 879 684 inimicitiis

61 701 159 753 untes
170 706 296 762 auxerat,
316 700 381 751 durn
398 701 512 764 ambitu,
533 701 676 764 comitatu,
696 705 725 752 et
734 701 867 753 inmensis

59 768 242 822 salutantium
254 770 408 836 agminibus
418 768 591 821 contendunt
601 775 867 838 comparanturque

60 839 145 889 variis
153 839 185 890 in
195 835 267 888 hunc
277 844 327 890 aut
335 839 416 889 illum
427 837 534 892 Vitellii
545 838 779 892 inclinationibus.
809 839 867 892 Nec

59 921 183 974 unquam
201 909 270 959 satis
289 907 345 960 fida
364 910 498 976 potentia,
516 907 564 958 ubi
585 909 670 959 nimia
690 914 741 960 est.
778 907 867 960 Simul

59 979 151 1043 ipsum
170 977 327 1039 Vitellium,
346 978 445 1028 subitis
465 976 579 1027 offensis
600 983 649 1028 aut
666 979 866 1044 intempestivis

58 1044 199 1098 blanditiis
219 1046 389 1108 mutabilem,
407 1045 623 1096 contemnebant
642 1040 865 1116 metuebantqire.
895 1053 897 1057 ’

57 1114 119 1168 Nec
135 1129 168 1166 eo
184 1117 297 1182 segnius
314 1115 474 1164 invaserant
492 1113 599 1175 domos,
619 1111 724 1177 hortos,
745 1130 866 1185 opesque

57 1184 182 1250 irnperii:
202 1199 265 1235 com
281 1182 382 1249 flebilis
397 1187 425 1234 et
439 1197 524 1250 egeus
538 1181 672 1234 nobilium
684 1185 775 1246 turba,
796 1200 864 1252 quos

57 1253 133 1319 ipsos
143 1253 302 1321 liberosque
312 1254 419 1319 patriae
425 1252 517 1304 Galba
526 1251 695 1315 reddiderat,
706 1252 864 1306 nullaPrin·

57 1323 128 1389 cipis
145 1322 338 1375 misericordia
352 1323 525 1373 iuvarentur.
562 1321 680 1372 Gratum
698 1323 865 1387 primoribus
941 1319 944 1332 ⁴

56 1393 187 1453 civitatis,
206 1393 291 1444 etiam
305 1391 402 1457 plebes
416 1389 588 1456 adprobavit,
608 1390 682 1456 quod
700 1393 819 1442 reversis
829 1391 864 1442 ab

56 1460 142 1512 exilio
162 1461 227 1512 iura
244 1459 408 1513 libertorum
428 1460 624 1513 concessisset:
649 1474 815 1528 quemquam
836 1456 864 1510 id

57 1530 134 1581 omni
154 1529 237 1580 modo
257 1529 371 1581 servilia
385 1531 497 1598 ingenia
517 1530 743 1595 corrumpebant,
763 1530 864 1582 abditis

55 1598 182 1667 pecuniis
196 1612 247 1664 per
261 1598 386 1651 occultos
401 1605 449 1650 aut
463 1599 626 1651 ambitiosos
640 1599 725 1648 sinus.
762 1604 791 1651 et
806 1599 863 1666 qui-

56 1668 121 1719 dam
131 1669 160 1718 in
172 1667 283 1719 domum
299 1669 426 1721 Caesaris
440 1668 623 1737 transgressi,
643 1672 726 1735 atque
740 1667 806 1735 ipsis
817 1667 863 1719 do·

54 1741 397 1870 minffcqrffentffiessssoe,
417 1784 618 1874 plenis-castris
629 1808 670 1869 et,
689 1802 863 1856 redundante

54 1875 249 1940 multitudine,
266 1877 295 1927 in
310 1876 463 1944 porticibus
478 1880 528 1927 aut
538 1874 660 1927 delubris
676 1879 704 1925 et
719 1874 787 1924 urbe
803 1879 863 1927 tota

4 1970 9 1974 ·
53 1960 151 2013 vagus,
171 1961 227 1997 non
245 1945 379 2013 principis
398 1959 522 2007 noscere,
541 1958 597 1997 non
615 1956 725 1994 serrare
744 1942 863 2009 vigilias,
891 1977 895 1989 ,

54 2028 146 2081 neque
157 2013 253 2065 labore
263 2015 382 2067 firmari:
398 2027 449 2080 per
458 2012 613 2065 inlecebras
624 2011 739 2063 urbiset
748 2010 861 2065 inhone-

54 2088 99 2139 sta
108 2083 197 2144 dictu,
217 2098 318 2150 corpu
328 2085 402 2145 otio,
422 2084 544 2133 animum
558 2080 717 2134 libidinibus
727 2081 862 2135 inminue-

16 2153 19 2157 '
54 2152 133 2203 bant.
168 2149 324 2215 Postremo,
345 2167 380 2204 ne
390 2151 489 2202 salutis
500 2150 611 2220 quidem
622 2166 697 2213 cura,
711 2151 860 2203 infamibus

53 2219 186 2275 Vaticani
197 2217 266 2270 locis
273 2235 377 2288 magua
387 2235 452 2286 pars
462 2220 594 2271 tetendit=
623 2220 696 2273 unde
707 2221 821 2272 crebrae
831 2222 860 2271 in

53 2288 155 2356 vulgus
164 2293 278 2340 mortes.
313 2290 358 2353 Et,
377 2288 523 2341 adiacente
534 2290 638 2353 liberi,
657 2290 860 2342 Germanorum
925 2342 927 2347 ,

55 2358 257 2426 Gallorumque
266 2358 388 2409 obnoxia
400 2358 503 2410 morbis
519 2372 638 2426 corpora
646 2358 767 2410 fluminis
778 2359 862 2412 aridi·

53 2433 99 2479 tas
114 2432 143 2479 et
161 2433 254 2509 aestus
273 2428 438 2511 inpatientia
457 2427 610 2511 labefecit..
624 2430 749 2512 ‘Insuper
768 2427 861 2510 coniu-
873 2472 884 2501 ·,

54 2495 862 2643 lbetlblt‘utltllllnssillaesibilis}

56 2640 118 2707 quis
123 2637 237 2705 singulo
251 2638 340 2690 millia
353 2638 484 2691 inessent.
520 2636 586 2689 Plus
598 2639 627 2689 iu
643 2651 677 2689 eo
687 2636 796 2689 delectu
806 2635 859 2688 Vas
