<?xml version="1.0" encoding="UTF-8"?>
<!DOCTYPE html PUBLIC "-//W3C//DTD XHTML 1.0 Transitional//EN"
    "http://www.w3.org/TR/xhtml1/DTD/xhtml1-transitional.dtd">
<html xmlns="http://www.w3.org/1999/xhtml" xml:lang="en" lang="en">
 <head>
  <title>
</title>
<meta http-equiv="Content-Type" content="text/html;charset=utf-8" />
  <meta name='ocr-system' content='tesseract 3.04.00' />
  <meta name='ocr-capabilities' content='ocr_page ocr_carea ocr_par ocr_line ocrx_word'/>
</head>
<body>
  <div class='ocr_page' id='page_1' title='image "./ccorneliitaciti00socigoog/ccorneliitaciti00socigoog_0458.png"; bbox 0 0 2034 3025; ppageno 0'>
   <div class='ocr_carea' id='block_1_1' title="bbox 157 122 883 194">
    <p class='ocr_par' dir='ltr' id='par_1_1' title="bbox 157 122 883 194">
     <span class='ocr_line' id='line_1_1' title="bbox 157 122 883 194; baseline -0.001 -14"><span class='ocrx_word' id='word_1_1' title='bbox 157 125 239 180; x_wconf 69' lang='lat' dir='ltr'>ulls.</span> <span class='ocrx_word' id='word_1_2' title='bbox 250 126 271 178; x_wconf 89' lang='lat' dir='ltr'>l.</span> <span class='ocrx_word' id='word_1_3' title='bbox 290 123 372 179; x_wconf 78' lang='lat' dir='ltr'>CAP.</span> <span class='ocrx_word' id='word_1_4' title='bbox 383 122 505 176; x_wconf 75' lang='grc'><strong>44-40.</strong></span> <span class='ocrx_word' id='word_1_5' title='bbox 522 123 810 194; x_wconf 73' lang='lat' dir='ltr'>[A.v.8aaA.u70.1</span> <span class='ocrx_word' id='word_1_6' title='bbox 849 125 883 179; x_wconf 74' lang='lat' dir='ltr'>lt</span> 
     </span>
    </p>
   </div>
   <div class='ocr_carea' id='block_1_2' title="bbox 81 217 939 973">
    <p class='ocr_par' dir='ltr' id='par_1_2' title="bbox 81 217 939 973">
     <span class='ocr_line' id='line_1_2' title="bbox 82 217 885 288; baseline -0.004 -14"><span class='ocrx_word' id='word_1_7' title='bbox 82 223 204 288; x_wconf 77' lang='lat' dir='ltr'><strong>cepisse,</strong></span> <span class='ocrx_word' id='word_1_8' title='bbox 222 217 330 272; x_wconf 90' lang='lat' dir='ltr'>nullum</span> <span class='ocrx_word' id='word_1_9' title='bbox 345 224 428 282; x_wconf 86' lang='lat' dir='ltr'>caput</span> <span class='ocrx_word' id='word_1_10' title='bbox 442 223 499 268; x_wconf 91' lang='lat' dir='ltr'>tam</span> <span class='ocrx_word' id='word_1_11' title='bbox 512 219 715 270; x_wconf 70' lang='lat' dir='ltr'>insatiabilibus</span> <span class='ocrx_word' id='word_1_12' title='bbox 725 220 813 270; x_wconf 84' lang='lat' dir='ltr'>oeulis</span> <span class='ocrx_word' id='word_1_13' title='bbox 823 225 885 286; x_wconf 81' lang='lat' dir='ltr'>per·</span> 
     </span>
     <span class='ocr_line' id='line_1_3' title="bbox 81 285 936 352; baseline -0.007 -8"><span class='ocrx_word' id='word_1_14' title='bbox 81 292 219 344; x_wconf 90' lang='lat' dir='ltr'>lustrasse</span> <span class='ocrx_word' id='word_1_15' title='bbox 229 287 344 338; x_wconf 87' lang='lat' dir='ltr'>dicitur:</span> <span class='ocrx_word' id='word_1_16' title='bbox 365 291 483 338; x_wconf 84' lang='lat' dir='ltr'>scutum</span> <span class='ocrx_word' id='word_1_17' title='bbox 494 287 613 352; x_wconf 88' lang='lat' dir='ltr'>primum</span> <span class='ocrx_word' id='word_1_18' title='bbox 622 285 714 338; x_wconf 84' lang='lat' dir='ltr'>levata</span> <span class='ocrx_word' id='word_1_19' title='bbox 724 289 799 338; x_wconf 88' lang='lat' dir='ltr'>omni</span> <span class='ocrx_word' id='word_1_20' title='bbox 809 288 884 338; x_wconf 86' lang='lat' dir='ltr'>solli-</span> <span class='ocrx_word' id='word_1_21' title='bbox 930 289 936 296; x_wconf 81' lang='grc'><strong>”</strong></span> 
     </span>
     <span class='ocr_line' id='line_1_4' title="bbox 83 355 939 422; baseline -0.007 -10"><span class='ocrx_word' id='word_1_22' title='bbox 83 357 206 412; x_wconf 88' lang='lat' dir='ltr'>citudine</span> <span class='ocrx_word' id='word_1_23' title='bbox 221 370 298 408; x_wconf 87' lang='lat' dir='ltr'>mens</span> <span class='ocrx_word' id='word_1_24' title='bbox 307 370 406 410; x_wconf 80' lang='lat' dir='ltr'>vacare</span> <span class='ocrx_word' id='word_1_25' title='bbox 417 355 521 422; x_wconf 81' lang='lat' dir='ltr'>gaudio</span> <span class='ocrx_word' id='word_1_26' title='bbox 537 359 678 421; x_wconf 81' lang='lat' dir='ltr'>coeperat:</span> <span class='ocrx_word' id='word_1_27' title='bbox 697 370 746 407; x_wconf 88' lang='lat' dir='ltr'>seu</span> <span class='ocrx_word' id='word_1_28' title='bbox 757 356 884 407; x_wconf 80' lang='lat' dir='ltr'>recorda·</span> <span class='ocrx_word' id='word_1_29' title='bbox 923 387 939 414; x_wconf 65' lang='lat' dir='ltr'><em>s</em></span> 
     </span>
     <span class='ocr_line' id='line_1_5' title="bbox 82 421 885 490; baseline -0.007 -10"><span class='ocrx_word' id='word_1_30' title='bbox 82 431 125 480; x_wconf 92' lang='lat' dir='ltr'>tio</span> <span class='ocrx_word' id='word_1_31' title='bbox 137 426 290 477; x_wconf 89' lang='lat' dir='ltr'>maiestatis</span> <span class='ocrx_word' id='word_1_32' title='bbox 299 425 327 475; x_wconf 90' lang='lat' dir='ltr'>in</span> <span class='ocrx_word' id='word_1_33' title='bbox 339 423 438 486; x_wconf 80' lang='lat' dir='ltr'>Galba,</span> <span class='ocrx_word' id='word_1_34' title='bbox 455 424 592 476; x_wconf 78' lang='lat' dir='ltr'>amicitiae</span> <span class='ocrx_word' id='word_1_35' title='bbox 603 425 632 474; x_wconf 87' lang='lat' dir='ltr'>in</span> <span class='ocrx_word' id='word_1_36' title='bbox 642 425 677 474; x_wconf 88' lang='grc' dir='ltr'>Τ.</span> <span class='ocrx_word' id='word_1_37' title='bbox 685 421 776 486; x_wconf 86' lang='lat' dir='ltr'>Vinio,</span> <span class='ocrx_word' id='word_1_38' title='bbox 791 438 885 490; x_wconf 84' lang='lat' dir='ltr'>quam·</span> 
     </span>
     <span class='ocr_line' id='line_1_6' title="bbox 83 491 885 560; baseline -0.007 -13"><span class='ocrx_word' id='word_1_39' title='bbox 83 497 126 547; x_wconf 81' lang='lat' dir='ltr'>vis</span> <span class='ocrx_word' id='word_1_40' title='bbox 136 495 260 554; x_wconf 79' lang='lat' dir='ltr'>inmitem</span> <span class='ocrx_word' id='word_1_41' title='bbox 271 495 393 544; x_wconf 89' lang='lat' dir='ltr'>animum</span> <span class='ocrx_word' id='word_1_42' title='bbox 403 493 524 560; x_wconf 80' lang='lat' dir='ltr'>imagine</span> <span class='ocrx_word' id='word_1_43' title='bbox 536 494 609 543; x_wconf 90' lang='lat' dir='ltr'>tristi</span> <span class='ocrx_word' id='word_1_44' title='bbox 619 491 798 545; x_wconf 80' lang='lat' dir='ltr'>confuderat:</span> <span class='ocrx_word' id='word_1_45' title='bbox 810 491 885 542; x_wconf 89' lang='lat' dir='ltr'>Piso-</span> 
     </span>
     <span class='ocr_line' id='line_1_7' title="bbox 84 559 886 627; baseline -0.007 -11"><span class='ocrx_word' id='word_1_46' title='bbox 84 567 143 626; x_wconf 85' lang='lat' dir='ltr'>nis,</span> <span class='ocrx_word' id='word_1_47' title='bbox 161 568 194 614; x_wconf 91' lang='lat' dir='ltr'>ut</span> <span class='ocrx_word' id='word_1_48' title='bbox 208 563 311 612; x_wconf 87' lang='lat' dir='ltr'>inimici</span> <span class='ocrx_word' id='word_1_49' title='bbox 327 567 356 612; x_wconf 87' lang='lat' dir='ltr'>et</span> <span class='ocrx_word' id='word_1_50' title='bbox 371 561 486 624; x_wconf 80' lang='lat' dir='ltr'>aemuli,</span> <span class='ocrx_word' id='word_1_51' title='bbox 504 562 588 614; x_wconf 86' lang='lat' dir='ltr'>caede</span> <span class='ocrx_word' id='word_1_52' title='bbox 599 561 715 624; x_wconf 84' lang='lat' dir='ltr'>laetari,</span> <span class='ocrx_word' id='word_1_53' title='bbox 734 559 886 627; x_wconf 74' lang='lat' dir='ltr'>iussosque</span> 
     </span>
     <span class='ocr_line' id='line_1_8' title="bbox 86 629 887 697; baseline -0.009 -12"><span class='ocrx_word' id='word_1_54' title='bbox 86 633 226 686; x_wconf 86' lang='lat' dir='ltr'>credebat.</span> <span class='ocrx_word' id='word_1_55' title='bbox 263 629 392 682; x_wconf 84' lang='lat' dir='ltr'>Praetixs</span> <span class='ocrx_word' id='word_1_56' title='bbox 402 632 490 680; x_wconf 89' lang='lat' dir='ltr'>contis</span> <span class='ocrx_word' id='word_1_57' title='bbox 499 631 591 697; x_wconf 89' lang='lat' dir='ltr'>capita</span> <span class='ocrx_word' id='word_1_58' title='bbox 600 631 795 696; x_wconf 83' lang='lat' dir='ltr'>gestabantur,</span> <span class='ocrx_word' id='word_1_59' title='bbox 812 630 887 680; x_wconf 86' lang='lat' dir='ltr'>inter</span> 
     </span>
     <span class='ocr_line' id='line_1_9' title="bbox 85 698 886 769; baseline -0.007 -16"><span class='ocrx_word' id='word_1_60' title='bbox 85 705 167 769; x_wconf 81' lang='lat' dir='ltr'>signa</span> <span class='ocrx_word' id='word_1_61' title='bbox 182 699 349 760; x_wconf 81' lang='lat' dir='ltr'>cohortium,</span> <span class='ocrx_word' id='word_1_62' title='bbox 375 699 454 750; x_wconf 88' lang='lat' dir='ltr'>iuxta</span> <span class='ocrx_word' id='word_1_63' title='bbox 463 699 585 766; x_wconf 88' lang='lat' dir='ltr'>aquilam</span> <span class='ocrx_word' id='word_1_64' title='bbox 600 699 731 766; x_wconf 76' lang='lat' dir='ltr'>legionis:</span> <span class='ocrx_word' id='word_1_65' title='bbox 747 698 886 765; x_wconf 80' lang='lat' dir='ltr'>certatim</span> 
     </span>
     <span class='ocr_line' id='line_1_10' title="bbox 85 767 886 835; baseline -0.009 -12"><span class='ocrx_word' id='word_1_66' title='bbox 85 767 292 823; x_wconf 76' lang='lat' dir='ltr'>ostentantibus</span> <span class='ocrx_word' id='word_1_67' title='bbox 307 772 436 819; x_wconf 85' lang='lat' dir='ltr'>cruentas</span> <span class='ocrx_word' id='word_1_68' title='bbox 451 783 562 830; x_wconf 89' lang='lat' dir='ltr'>manus,</span> <span class='ocrx_word' id='word_1_69' title='bbox 585 769 632 835; x_wconf 90' lang='lat' dir='ltr'>qui</span> <span class='ocrx_word' id='word_1_70' title='bbox 649 767 822 830; x_wconf 84' lang='lat' dir='ltr'>occiderant,</span> <span class='ocrx_word' id='word_1_71' title='bbox 840 767 886 834; x_wconf 87' lang='lat' dir='ltr'>qui</span> 
     </span>
     <span class='ocr_line' id='line_1_11' title="bbox 83 834 886 903; baseline -0.006 -12"><span class='ocrx_word' id='word_1_72' title='bbox 83 836 279 898; x_wconf 84' lang='lat' dir='ltr'>interfuerant,</span> <span class='ocrx_word' id='word_1_73' title='bbox 296 839 426 902; x_wconf 80' lang='lat' dir='ltr'>quivere,</span> <span class='ocrx_word' id='word_1_74' title='bbox 442 837 489 903; x_wconf 90' lang='lat' dir='ltr'>qui</span> <span class='ocrx_word' id='word_1_75' title='bbox 500 836 581 897; x_wconf 82' lang='lat' dir='ltr'>salso,</span> <span class='ocrx_word' id='word_1_76' title='bbox 596 841 629 887; x_wconf 92' lang='lat' dir='ltr'>ut</span> <span class='ocrx_word' id='word_1_77' title='bbox 636 834 784 903; x_wconf 88' lang='lat' dir='ltr'>pulchrum</span> <span class='ocrx_word' id='word_1_78' title='bbox 794 842 886 887; x_wconf 75' lang='lat' dir='ltr'>etune</span> 
     </span>
     <span class='ocr_line' id='line_1_12' title="bbox 86 903 887 973; baseline -0.009 -13"><span class='ocrx_word' id='word_1_79' title='bbox 86 905 223 969; x_wconf 81' lang='lat' dir='ltr'>morabile</span> <span class='ocrx_word' id='word_1_80' title='bbox 234 904 354 968; x_wconf 87' lang='lat' dir='ltr'>facinus,</span> <span class='ocrx_word' id='word_1_81' title='bbox 371 905 520 956; x_wconf 87' lang='lat' dir='ltr'>iactabant.</span> <span class='ocrx_word' id='word_1_82' title='bbox 556 905 655 956; x_wconf 86' lang='lat' dir='ltr'>Plures</span> <span class='ocrx_word' id='word_1_83' title='bbox 665 919 748 973; x_wconf 85' lang='lat' dir='ltr'>quam</span> <span class='ocrx_word' id='word_1_84' title='bbox 760 905 842 958; x_wconf 75' lang='lat' dir='ltr'>CXX.</span> <span class='ocrx_word' id='word_1_85' title='bbox 854 903 887 954; x_wconf 87' lang='lat' dir='ltr'>li·</span> 
     </span>
    </p>
   </div>
   <div class='ocr_carea' id='block_1_3' title="bbox 84 973 968 1040">
    <p class='ocr_par' dir='ltr' id='par_1_3' title="bbox 84 973 968 1040">
     <span class='ocr_line' id='line_1_13' title="bbox 84 973 968 1040; baseline -0.003 -11"><span class='ocrx_word' id='word_1_86' title='bbox 84 976 175 1038; x_wconf 88' lang='lat' dir='ltr'>bellos</span> <span class='ocrx_word' id='word_1_87' title='bbox 186 975 307 1040; x_wconf 90' lang='lat' dir='ltr'>praemia</span> <span class='ocrx_word' id='word_1_88' title='bbox 316 975 536 1039; x_wconf 79' lang='lat' dir='ltr'>exposcentium,</span> <span class='ocrx_word' id='word_1_89' title='bbox 554 974 589 1025; x_wconf 94' lang='lat' dir='ltr'>ob</span> <span class='ocrx_word' id='word_1_90' title='bbox 600 973 722 1040; x_wconf 89' lang='lat' dir='ltr'>aliquam</span> <span class='ocrx_word' id='word_1_91' title='bbox 736 973 887 1025; x_wconf 87' lang='lat' dir='ltr'>notabilem</span> <span class='ocrx_word' id='word_1_92' title='bbox 963 1020 968 1026; x_wconf 91' lang='lat'>.</span> 
     </span>
    </p>
   </div>
   <div class='ocr_carea' id='block_1_4' title="bbox 21 1041 893 2421">
    <p class='ocr_par' dir='ltr' id='par_1_4' title="bbox 21 1041 893 2421">
     <span class='ocr_line' id='line_1_14' title="bbox 85 1041 887 1110; baseline -0.004 -14"><span class='ocrx_word' id='word_1_93' title='bbox 85 1045 137 1096; x_wconf 88' lang='lat' dir='ltr'>illu</span> <span class='ocrx_word' id='word_1_94' title='bbox 148 1045 191 1095; x_wconf 91' lang='lat' dir='ltr'>die</span> <span class='ocrx_word' id='word_1_95' title='bbox 202 1058 324 1110; x_wconf 90' lang='lat' dir='ltr'>operam,</span> <span class='ocrx_word' id='word_1_96' title='bbox 342 1041 474 1094; x_wconf 89' lang='lat' dir='ltr'>Vitellius</span> <span class='ocrx_word' id='word_1_97' title='bbox 489 1047 587 1109; x_wconf 87' lang='lat' dir='ltr'>postea</span> <span class='ocrx_word' id='word_1_98' title='bbox 600 1043 716 1093; x_wconf 76' lang='lat' dir='ltr'>invenit:</span> <span class='ocrx_word' id='word_1_99' title='bbox 737 1055 887 1108; x_wconf 89' lang='lat' dir='ltr'>omnesque</span> 
     </span>
     <span class='ocr_line' id='line_1_15' title="bbox 86 1109 887 1180; baseline -0.005 -14"><span class='ocrx_word' id='word_1_100' title='bbox 86 1113 211 1180; x_wconf 91' lang='lat' dir='ltr'>conquiri</span> <span class='ocrx_word' id='word_1_101' title='bbox 226 1118 254 1164; x_wconf 89' lang='lat' dir='ltr'>et</span> <span class='ocrx_word' id='word_1_102' title='bbox 269 1111 388 1162; x_wconf 82' lang='lat' dir='ltr'>interfici</span> <span class='ocrx_word' id='word_1_103' title='bbox 403 1111 496 1160; x_wconf 84' lang='lat' dir='ltr'>iussit:</span> <span class='ocrx_word' id='word_1_104' title='bbox 514 1122 570 1162; x_wconf 87' lang='lat' dir='ltr'>non</span> <span class='ocrx_word' id='word_1_105' title='bbox 585 1109 691 1162; x_wconf 85' lang='lat' dir='ltr'>bonore</span> <span class='ocrx_word' id='word_1_106' title='bbox 702 1109 820 1172; x_wconf 80' lang='lat' dir='ltr'>Galbae,</span> <span class='ocrx_word' id='word_1_107' title='bbox 838 1109 887 1162; x_wconf 91' lang='lat' dir='ltr'>sed</span> 
     </span>
     <span class='ocr_line' id='line_1_16' title="bbox 85 1178 888 1246; baseline -0.005 -12"><span class='ocrx_word' id='word_1_108' title='bbox 85 1183 190 1234; x_wconf 87' lang='lat' dir='ltr'>tradito</span> <span class='ocrx_word' id='word_1_109' title='bbox 201 1180 373 1245; x_wconf 87' lang='lat' dir='ltr'>Principibus</span> <span class='ocrx_word' id='word_1_110' title='bbox 384 1193 471 1243; x_wconf 92' lang='lat' dir='ltr'>more,</span> <span class='ocrx_word' id='word_1_111' title='bbox 486 1181 689 1232; x_wconf 86' lang='lat' dir='ltr'>munimentum</span> <span class='ocrx_word' id='word_1_112' title='bbox 700 1178 735 1231; x_wconf 94' lang='lat' dir='ltr'>ad</span> <span class='ocrx_word' id='word_1_113' title='bbox 745 1191 888 1246; x_wconf 86' lang='lat' dir='ltr'>praesens,</span> 
     </span>
     <span class='ocr_line' id='line_1_17' title="bbox 87 1248 767 1318; baseline -0.013 -16"><span class='ocrx_word' id='word_1_114' title='bbox 87 1253 269 1318; x_wconf 86' lang='lat' dir='ltr'>inposterum</span> <span class='ocrx_word' id='word_1_115' title='bbox 279 1248 421 1299; x_wconf 88' lang='lat' dir='ltr'>ultionem.</span> <span class='ocrx_word' id='word_1_116' title='bbox 765 1261 767 1267; x_wconf 62' lang='lat'><strong><em>¹</em></strong></span> 
     </span>
     <span class='ocr_line' id='line_1_18' title="bbox 138 1313 888 1382; baseline -0.007 -12"><span class='ocrx_word' id='word_1_117' title='bbox 138 1317 225 1370; x_wconf 85' lang='lat' dir='ltr'><strong>XLV.</strong></span> <span class='ocrx_word' id='word_1_118' title='bbox 261 1318 352 1369; x_wconf 83' lang='lat' dir='ltr'>Alium</span> <span class='ocrx_word' id='word_1_119' title='bbox 363 1316 489 1368; x_wconf 85' lang='lat' dir='ltr'>crederes</span> <span class='ocrx_word' id='word_1_120' title='bbox 496 1313 640 1377; x_wconf 89' lang='lat' dir='ltr'>Senatum,</span> <span class='ocrx_word' id='word_1_121' title='bbox 650 1315 735 1367; x_wconf 88' lang='lat' dir='ltr'>alium</span> <span class='ocrx_word' id='word_1_122' title='bbox 746 1315 888 1382; x_wconf 86' lang='lat' dir='ltr'>populum.</span> 
     </span>
     <span class='ocr_line' id='line_1_19' title="bbox 40 1385 889 1448; baseline -0.007 -8"><span class='ocrx_word' id='word_1_123' title='bbox 40 1405 42 1412; x_wconf 74' lang='grc'><em>’</em></span> <span class='ocrx_word' id='word_1_124' title='bbox 87 1402 172 1440; x_wconf 87' lang='lat' dir='ltr'>ruere</span> <span class='ocrx_word' id='word_1_125' title='bbox 182 1387 273 1437; x_wconf 89' lang='lat' dir='ltr'>cuncti</span> <span class='ocrx_word' id='word_1_126' title='bbox 284 1387 311 1434; x_wconf 91' lang='lat' dir='ltr'>in</span> <span class='ocrx_word' id='word_1_127' title='bbox 323 1390 422 1445; x_wconf 87' lang='lat' dir='ltr'>castra,</span> <span class='ocrx_word' id='word_1_128' title='bbox 432 1385 539 1434; x_wconf 88' lang='lat' dir='ltr'>anteire</span> <span class='ocrx_word' id='word_1_129' title='bbox 549 1385 697 1448; x_wconf 88' lang='lat' dir='ltr'>proximos,</span> <span class='ocrx_word' id='word_1_130' title='bbox 707 1389 816 1434; x_wconf 88' lang='lat' dir='ltr'>certare</span> <span class='ocrx_word' id='word_1_131' title='bbox 826 1398 889 1434; x_wconf 84' lang='lat' dir='ltr'>cum</span> 
     </span>
     <span class='ocr_line' id='line_1_20' title="bbox 87 1451 889 1525; baseline -0.002 -21"><span class='ocrx_word' id='word_1_132' title='bbox 87 1454 340 1525; x_wconf 82' lang='lat' dir='ltr'>praecurrentibus,</span> <span class='ocrx_word' id='word_1_133' title='bbox 352 1453 494 1518; x_wconf 90' lang='lat' dir='ltr'>increpare</span> <span class='ocrx_word' id='word_1_134' title='bbox 506 1451 633 1514; x_wconf 85' lang='lat' dir='ltr'>Galbam,</span> <span class='ocrx_word' id='word_1_135' title='bbox 644 1452 759 1504; x_wconf 78' lang='lat' dir='ltr'>laudare</span> <span class='ocrx_word' id='word_1_136' title='bbox 770 1451 889 1502; x_wconf 83' lang='lat' dir='ltr'>militurn</span> 
     </span>
     <span class='ocr_line' id='line_1_21' title="bbox 21 1518 891 1587; baseline -0.002 -12"><span class='ocrx_word' id='word_1_137' title='bbox 21 1527 44 1539; x_wconf 78' lang='grc'>“’</span> <span class='ocrx_word' id='word_1_138' title='bbox 86 1524 236 1583; x_wconf 87' lang='lat' dir='ltr'>iudicium,</span> <span class='ocrx_word' id='word_1_139' title='bbox 264 1521 419 1572; x_wconf 87' lang='lat' dir='ltr'>exosculari</span> <span class='ocrx_word' id='word_1_140' title='bbox 438 1518 556 1572; x_wconf 88' lang='lat' dir='ltr'>Othonis</span> <span class='ocrx_word' id='word_1_141' title='bbox 580 1535 707 1571; x_wconf 63' lang='lat' dir='ltr'>manum}</span> <span class='ocrx_word' id='word_1_142' title='bbox 731 1526 891 1587; x_wconf 80' lang='lat' dir='ltr'>quantoque</span> 
     </span>
     <span class='ocr_line' id='line_1_22' title="bbox 65 1589 890 1659; baseline -0.007 -14"><span class='ocrx_word' id='word_1_143' title='bbox 65 1591 68 1595; x_wconf 80' lang='grc'><strong>’</strong></span> <span class='ocrx_word' id='word_1_144' title='bbox 88 1594 178 1659; x_wconf 84' lang='lat' dir='ltr'>magis</span> <span class='ocrx_word' id='word_1_145' title='bbox 189 1590 261 1641; x_wconf 81' lang='lat' dir='ltr'>falsa</span> <span class='ocrx_word' id='word_1_146' title='bbox 272 1593 366 1651; x_wconf 88' lang='lat' dir='ltr'>erant,</span> <span class='ocrx_word' id='word_1_147' title='bbox 385 1602 455 1656; x_wconf 91' lang='lat' dir='ltr'>quae</span> <span class='ocrx_word' id='word_1_148' title='bbox 470 1589 589 1650; x_wconf 82' lang='lat' dir='ltr'>fiebant,</span> <span class='ocrx_word' id='word_1_149' title='bbox 608 1594 687 1640; x_wconf 91' lang='lat' dir='ltr'>tanto</span> <span class='ocrx_word' id='word_1_150' title='bbox 697 1589 779 1655; x_wconf 89' lang='lat' dir='ltr'>plura</span> <span class='ocrx_word' id='word_1_151' title='bbox 789 1589 890 1641; x_wconf 83' lang='lat' dir='ltr'>facere.</span> 
     </span>
     <span class='ocr_line' id='line_1_23' title="bbox 87 1656 891 1725; baseline -0.009 -9"><span class='ocrx_word' id='word_1_152' title='bbox 87 1662 148 1716; x_wconf 87' lang='lat' dir='ltr'>Nec</span> <span class='ocrx_word' id='word_1_153' title='bbox 168 1659 390 1725; x_wconf 88' lang='lat' dir='ltr'>adspernsbatur</span> <span class='ocrx_word' id='word_1_154' title='bbox 402 1657 527 1723; x_wconf 86' lang='lat' dir='ltr'>singulos</span> <span class='ocrx_word' id='word_1_155' title='bbox 537 1656 627 1721; x_wconf 86' lang='lat' dir='ltr'>Otho,</span> <span class='ocrx_word' id='word_1_156' title='bbox 646 1658 757 1709; x_wconf 84' lang='lat' dir='ltr'>aridum</span> <span class='ocrx_word' id='word_1_157' title='bbox 768 1662 796 1710; x_wconf 94' lang='lat' dir='ltr'>et</span> <span class='ocrx_word' id='word_1_158' title='bbox 805 1660 891 1709; x_wconf 89' lang='lat' dir='ltr'>mina·</span> 
     </span>
     <span class='ocr_line' id='line_1_24' title="bbox 90 1723 891 1793; baseline -0.009 -8"><span class='ocrx_word' id='word_1_159' title='bbox 90 1746 150 1785; x_wconf 87' lang='lat' dir='ltr'>cem</span> <span class='ocrx_word' id='word_1_160' title='bbox 160 1729 279 1780; x_wconf 88' lang='lat' dir='ltr'>militum</span> <span class='ocrx_word' id='word_1_161' title='bbox 290 1728 412 1777; x_wconf 90' lang='lat' dir='ltr'>animum</span> <span class='ocrx_word' id='word_1_162' title='bbox 422 1740 488 1777; x_wconf 84' lang='lat' dir='ltr'>voce</span> <span class='ocrx_word' id='word_1_163' title='bbox 499 1723 809 1793; x_wconf 82' lang='lat' dir='ltr'>vultuque&#39;temperans.</span> <span class='ocrx_word' id='word_1_164' title='bbox 831 1727 891 1778; x_wconf 79' lang='lat' dir='ltr'>lila-</span> 
     </span>
     <span class='ocr_line' id='line_1_25' title="bbox 88 1794 892 1862; baseline -0.009 -10"><span class='ocrx_word' id='word_1_165' title='bbox 88 1802 161 1853; x_wconf 87' lang='lat' dir='ltr'>rium</span> <span class='ocrx_word' id='word_1_166' title='bbox 174 1798 298 1859; x_wconf 86' lang='lat' dir='ltr'>Celsum,</span> <span class='ocrx_word' id='word_1_167' title='bbox 317 1796 464 1847; x_wconf 85' lang='lat' dir='ltr'>Consulem</span> <span class='ocrx_word' id='word_1_168' title='bbox 481 1794 671 1862; x_wconf 84' lang='lat' dir='ltr'>designatum,</span> <span class='ocrx_word' id='word_1_169' title='bbox 689 1802 718 1848; x_wconf 89' lang='lat' dir='ltr'>et</span> <span class='ocrx_word' id='word_1_170' title='bbox 728 1795 835 1848; x_wconf 86' lang='lat' dir='ltr'>Galbae</span> <span class='ocrx_word' id='word_1_171' title='bbox 849 1808 892 1845; x_wconf 79' lang='lat' dir='ltr'>us-</span> 
     </span>
     <span class='ocr_line' id='line_1_26' title="bbox 90 1863 890 1937; baseline -0.006 -17"><span class='ocrx_word' id='word_1_172' title='bbox 90 1884 145 1937; x_wconf 87' lang='lat' dir='ltr'>que</span> <span class='ocrx_word' id='word_1_173' title='bbox 154 1870 184 1919; x_wconf 93' lang='lat' dir='ltr'>in</span> <span class='ocrx_word' id='word_1_174' title='bbox 190 1873 328 1920; x_wconf 90' lang='lat' dir='ltr'>extremas</span> <span class='ocrx_word' id='word_1_175' title='bbox 341 1880 386 1916; x_wconf 88' lang='lat' dir='ltr'>res</span> <span class='ocrx_word' id='word_1_176' title='bbox 396 1866 515 1917; x_wconf 90' lang='lat' dir='ltr'>amicum</span> <span class='ocrx_word' id='word_1_177' title='bbox 521 1865 670 1932; x_wconf 83' lang='lat' dir='ltr'>fidumque,</span> <span class='ocrx_word' id='word_1_178' title='bbox 681 1866 716 1915; x_wconf 91' lang='lat' dir='ltr'>ad</span> <span class='ocrx_word' id='word_1_179' title='bbox 724 1863 890 1931; x_wconf 89' lang='lat' dir='ltr'>supplicium</span> 
     </span>
     <span class='ocr_line' id='line_1_27' title="bbox 90 1933 893 2003; baseline -0.009 -13"><span class='ocrx_word' id='word_1_180' title='bbox 90 1937 313 2003; x_wconf 82' lang='lat' dir='ltr'>expostulabant,</span> <span class='ocrx_word' id='word_1_181' title='bbox 327 1934 479 1985; x_wconf 89' lang='lat' dir='ltr'>industriae</span> <span class='ocrx_word' id='word_1_182' title='bbox 492 1935 551 1985; x_wconf 91' lang='lat' dir='ltr'>eius</span> <span class='ocrx_word' id='word_1_183' title='bbox 557 1934 797 2001; x_wconf 86' lang='lat' dir='ltr'>innocentiaeque,</span> <span class='ocrx_word' id='word_1_184' title='bbox 812 1933 893 2001; x_wconf 90' lang='lat' dir='ltr'>quasi</span> 
     </span>
     <span class='ocr_line' id='line_1_28' title="bbox 79 2002 892 2072; baseline -0.007 -13"><span class='ocrx_word' id='word_1_185' title='bbox 79 2006 172 2059; x_wconf 89' lang='lat' dir='ltr'>&#39;malis</span> <span class='ocrx_word' id='word_1_186' title='bbox 181 2007 297 2067; x_wconf 86' lang='lat' dir='ltr'>artibus,</span> <span class='ocrx_word' id='word_1_187' title='bbox 308 2003 419 2055; x_wconf 87' lang='lat' dir='ltr'>infensi.</span> <span class='ocrx_word' id='word_1_188' title='bbox 457 2002 557 2054; x_wconf 85' lang='lat' dir='ltr'>Caedis</span> <span class='ocrx_word' id='word_1_189' title='bbox 568 2008 596 2053; x_wconf 90' lang='lat' dir='ltr'>et</span> <span class='ocrx_word' id='word_1_190' title='bbox 604 2002 771 2072; x_wconf 88' lang='lat' dir='ltr'>praedarum</span> <span class='ocrx_word' id='word_1_191' title='bbox 781 2004 892 2054; x_wconf 83' lang='lat' dir='ltr'>initium</span> 
     </span>
     <span class='ocr_line' id='line_1_29' title="bbox 91 2072 890 2143; baseline -0.006 -16"><span class='ocrx_word' id='word_1_192' title='bbox 91 2082 121 2128; x_wconf 91' lang='lat' dir='ltr'>et</span> <span class='ocrx_word' id='word_1_193' title='bbox 135 2076 238 2143; x_wconf 89' lang='lat' dir='ltr'>optimo</span> <span class='ocrx_word' id='word_1_194' title='bbox 253 2074 351 2140; x_wconf 88' lang='lat' dir='ltr'>cuique</span> <span class='ocrx_word' id='word_1_195' title='bbox 366 2072 514 2139; x_wconf 88' lang='lat' dir='ltr'>perniciem</span> <span class='ocrx_word' id='word_1_196' title='bbox 535 2074 630 2139; x_wconf 91' lang='lat' dir='ltr'>quaeri</span> <span class='ocrx_word' id='word_1_197' title='bbox 645 2073 806 2139; x_wconf 89' lang='lat' dir='ltr'>adparebat.</span> <span class='ocrx_word' id='word_1_198' title='bbox 842 2072 890 2123; x_wconf 89' lang='lat' dir='ltr'>sed</span> 
     </span>
     <span class='ocr_line' id='line_1_30' title="bbox 91 2140 890 2209; baseline -0.008 -13"><span class='ocrx_word' id='word_1_199' title='bbox 91 2142 195 2196; x_wconf 90' lang='lat' dir='ltr'>Othoni</span> <span class='ocrx_word' id='word_1_200' title='bbox 215 2142 338 2193; x_wconf 88' lang='lat' dir='ltr'>nondum</span> <span class='ocrx_word' id='word_1_201' title='bbox 357 2142 509 2192; x_wconf 86' lang='lat' dir='ltr'>auctoritas</span> <span class='ocrx_word' id='word_1_202' title='bbox 528 2142 620 2193; x_wconf 89' lang='lat' dir='ltr'>inerat</span> <span class='ocrx_word' id='word_1_203' title='bbox 637 2143 673 2193; x_wconf 87' lang='lat' dir='ltr'>ad</span> <span class='ocrx_word' id='word_1_204' title='bbox 688 2140 890 2209; x_wconf 87' lang='lat' dir='ltr'>prohibendum</span> 
     </span>
     <span class='ocr_line' id='line_1_31' title="bbox 90 2210 891 2275; baseline -0.009 -10"><span class='ocrx_word' id='word_1_205' title='bbox 90 2213 193 2265; x_wconf 75' lang='lat' dir='ltr'>seelusz</span> <span class='ocrx_word' id='word_1_206' title='bbox 212 2213 308 2273; x_wconf 83' lang='lat' dir='ltr'>iubere</span> <span class='ocrx_word' id='word_1_207' title='bbox 323 2211 378 2260; x_wconf 88' lang='lat' dir='ltr'>iam</span> <span class='ocrx_word' id='word_1_208' title='bbox 393 2213 511 2275; x_wconf 88' lang='lat' dir='ltr'>poterat.</span> <span class='ocrx_word' id='word_1_209' title='bbox 546 2210 603 2273; x_wconf 89' lang='lat' dir='ltr'>lta,</span> <span class='ocrx_word' id='word_1_210' title='bbox 626 2211 804 2262; x_wconf 87' lang='lat' dir='ltr'>simulatione</span> <span class='ocrx_word' id='word_1_211' title='bbox 822 2212 891 2271; x_wconf 91' lang='lat' dir='ltr'>irae,</span> 
     </span>
     <span class='ocr_line' id='line_1_32' title="bbox 89 2278 890 2344; baseline -0.006 -11"><span class='ocrx_word' id='word_1_212' title='bbox 89 2280 189 2333; x_wconf 79' lang='lat' dir='ltr'>uinciri</span> <span class='ocrx_word' id='word_1_213' title='bbox 199 2280 312 2339; x_wconf 90' lang='lat' dir='ltr'>iussum,</span> <span class='ocrx_word' id='word_1_214' title='bbox 322 2278 351 2328; x_wconf 81' lang='lat' dir='ltr'>&#39;et</span> <span class='ocrx_word' id='word_1_215' title='bbox 360 2279 476 2329; x_wconf 83' lang='lat' dir='ltr'>maiores</span> <span class='ocrx_word' id='word_1_216' title='bbox 482 2291 586 2344; x_wconf 80' lang='lat' dir='ltr'>poenos</span> <span class='ocrx_word' id='word_1_217' title='bbox 596 2279 890 2338; x_wconf 81' lang='lat' dir='ltr'>daturumadiirurans,</span> 
     </span>
     <span class='ocr_line' id='line_1_33' title="bbox 91 2346 486 2421; baseline -0.015 -18"><span class='ocrx_word' id='word_1_218' title='bbox 91 2348 329 2421; x_wconf 82' lang='lat' dir='ltr'>praesentiexitio</span> <span class='ocrx_word' id='word_1_219' title='bbox 340 2346 486 2403; x_wconf 84' lang='lat' dir='ltr'>subtraxit.</span> 
     </span>
    </p>
   </div>
   <div class='ocr_carea' id='block_1_5' title="bbox 144 2423 891 2477">
    <p class='ocr_par' dir='ltr' id='par_1_5' title="bbox 144 2423 891 2477">
     <span class='ocr_line' id='line_1_34' title="bbox 144 2423 891 2477; baseline -0.004 0"><span class='ocrx_word' id='word_1_220' title='bbox 144 2425 244 2477; x_wconf 84' lang='lat' dir='ltr'><strong>XLVI.</strong></span> <span class='ocrx_word' id='word_1_221' title='bbox 279 2423 378 2474; x_wconf 83' lang='lat' dir='ltr'>Omnia</span> <span class='ocrx_word' id='word_1_222' title='bbox 406 2425 505 2477; x_wconf 90' lang='lat' dir='ltr'>deinde</span> <span class='ocrx_word' id='word_1_223' title='bbox 533 2425 648 2477; x_wconf 89' lang='lat' dir='ltr'>arbitrio</span> <span class='ocrx_word' id='word_1_224' title='bbox 675 2426 796 2477; x_wconf 89' lang='lat' dir='ltr'>militum</span> <span class='ocrx_word' id='word_1_225' title='bbox 821 2430 891 2476; x_wconf 88' lang='lat' dir='ltr'>acta.</span> 
     </span>
    </p>
   </div>
   <div class='ocr_carea' id='block_1_6' title="bbox 80 2489 894 2698">
    <p class='ocr_par' dir='ltr' id='par_1_6' title="bbox 80 2489 894 2698">
     <span class='ocr_line' id='line_1_35' title="bbox 87 2489 894 2561; baseline -0.01 -12"><span class='ocrx_word' id='word_1_226' title='bbox 87 2494 230 2549; x_wconf 86' lang='lat' dir='ltr'>Praetorii</span> <span class='ocrx_word' id='word_1_227' title='bbox 245 2489 404 2543; x_wconf 87' lang='lat' dir='ltr'>Praefectos</span> <span class='ocrx_word' id='word_1_228' title='bbox 424 2494 548 2559; x_wconf 89' lang='lat' dir='ltr'>sibiipsi</span> <span class='ocrx_word' id='word_1_229' title='bbox 566 2494 670 2561; x_wconf 84' lang='lat' dir='ltr'>legere:</span> <span class='ocrx_word' id='word_1_230' title='bbox 699 2494 820 2545; x_wconf 89' lang='lat' dir='ltr'>Plotium</span> <span class='ocrx_word' id='word_1_231' title='bbox 834 2492 894 2542; x_wconf 88' lang='lat' dir='ltr'>Fir·</span> 
     </span>
     <span class='ocr_line' id='line_1_36' title="bbox 80 2559 893 2628; baseline -0.009 -13"><span class='ocrx_word' id='word_1_232' title='bbox 80 2578 177 2624; x_wconf 87' lang='lat' dir='ltr'>mum,</span> <span class='ocrx_word' id='word_1_233' title='bbox 193 2559 435 2625; x_wconf 88' lang='lat' dir='ltr'>emanipularibus</span> <span class='ocrx_word' id='word_1_234' title='bbox 444 2563 592 2628; x_wconf 89' lang='lat' dir='ltr'>quondam,</span> <span class='ocrx_word' id='word_1_235' title='bbox 606 2570 666 2613; x_wconf 91' lang='lat' dir='ltr'>tum</span> <span class='ocrx_word' id='word_1_236' title='bbox 676 2563 806 2628; x_wconf 83' lang='lat' dir='ltr'>vigilibus</span> <span class='ocrx_word' id='word_1_237' title='bbox 815 2573 893 2625; x_wconf 85' lang='lat' dir='ltr'>prae·</span> 
     </span>
     <span class='ocr_line' id='line_1_37' title="bbox 91 2626 893 2698; baseline -0.01 -15"><span class='ocrx_word' id='word_1_238' title='bbox 91 2632 228 2698; x_wconf 90' lang='lat' dir='ltr'>positum,</span> <span class='ocrx_word' id='word_1_239' title='bbox 246 2634 288 2692; x_wconf 92' lang='lat' dir='ltr'>et,</span> <span class='ocrx_word' id='word_1_240' title='bbox 306 2629 437 2681; x_wconf 88' lang='lat' dir='ltr'>incolumi</span> <span class='ocrx_word' id='word_1_241' title='bbox 449 2630 540 2683; x_wconf 84' lang='lat' dir='ltr'>adhuc</span> <span class='ocrx_word' id='word_1_242' title='bbox 550 2632 653 2693; x_wconf 90' lang='lat' dir='ltr'>Galba,</span> <span class='ocrx_word' id='word_1_243' title='bbox 673 2634 766 2695; x_wconf 85' lang='lat' dir='ltr'>partes</span> <span class='ocrx_word' id='word_1_244' title='bbox 775 2626 893 2681; x_wconf 83' lang='lat' dir='ltr'>Othonis</span> 
     </span>
    </p>
   </div>
   <div class='ocr_carea' id='block_1_7' title="bbox 0 0 1034 3025">
    <p class='ocr_par' dir='ltr' id='par_1_7' title="bbox 0 0 1034 3025">
     <span class='ocr_line' id='line_1_38' title="bbox 0 0 1034 3025; baseline 0 0"><span class='ocrx_word' id='word_1_245' title='bbox 0 0 1034 3025; x_wconf 95' lang='lat' dir='ltr'> </span> 
     </span>
    </p>
   </div>
  </div>
 </body>
</html>
