2034 3025
86 116 223 174 muli.
244 114 459 171 cmlii-81.
477 112 725 184 [A.V.772.'A.G
738 113 792 187 lu]
827 114 863 175 ii

52 226 109 274 tius
120 222 303 283 Laodiceam,
313 220 411 273 urbem
422 220 531 287 Syriae,
548 219 688 287 adpulsus,
702 236 762 273 cum
774 222 863 277 hiber·

51 308 88 343 na
102 296 208 343 sextae
222 290 342 356 legionis
356 296 478 356 peteret,
497 291 571 357 quod
583 304 644 340 eam
656 292 774 343 maxime
785 294 862 343 noris

53 360 183 412 consiliis
193 359 323 410 idoneam
334 360 457 422 rebatur,
471 375 489 410 a
499 358 620 411 Pacuuio
631 358 740 427 Legata
751 374 863 427 praene-

51 426 138 481 nitur'.
176 428 209 479 ld
220 427 331 480 Sentius
342 428 435 480 Pisoni
446 428 618 495 periissem
633 430 739 495 sperit,
759 442 864 482 mouet·

51 515 114 567 que,
125 515 163 551 uc
170 506 265 550 castra
275 498 492 566 corruptoribus,
512 516 545 551 ne
553 496 721 565 prouinciam
731 496 798 551 bello
808 506 865 552 teu·

53 578 108 621 tet.-
127 581 255 634 quosque
265 566 424 619 Germanici
439 582 587 631 memores,
607 573 656 619 aut
670 568 789 619 inimicis
803 570 865 621 eius

52 638 190 689 adversos
210 642 392 703 cognoverat,
410 635 563 701 contrahit3
582 636 798 703 magnitudinem
813 638 865 690 lu-

48 705 193 776 perctoris
203 705 355 757 identidem
366 707 508 773 ingerens,
529 712 559 758 et
567 704 768 773 Renspuiliccm
779 706 864 759 umis

48 775 127 847 peti:
144 775 277 842 ducitque
288 774 410 827 validam
420 791 541 839 manum,
553 782 581 826 et
591 776 698 841 proelio
709 783 844 843 paratum

105 844 222 898 Lxxx.
242 843 301 895 Nec
310 843 384 906 Piso,
400 859 565 913 quamquam
581 850 679 912 coepta
694 860 773 898 secus
785 844 865 899 cede

53 914 135 977 bant,
154 915 251 966 omisit
261 914 636 979 tutissimaepraesentibus,
657 914 863 969 scdcsstelluur

57 984 172 1035 Ciliciae
188 984 326 1033 munitum
341 983 499 1045 admodum,
520 985 564 1035 cui
579 996 679 1036 nomen
694 985 864 1047 Celenderis,

57 1058 186 1118 occupat.
223 1051 295 1103 Nam
311 1052 442 1104 admixtis
456 1052 654 1115 desertoribus,
674 1058 702 1105 ct
712 1056 803 1107 tirone
816 1070 864 1105 nu·

56 1136 107 1188 per
116 1125 281 1187 intercepto,
300 1123 412 1189 suisque
423 1128 452 1173 ct
460 1122 610 1173 Plancinae
620 1124 748 1187 servitiis,
759 1124 866 1177 auxilia

59 1191 186 1254 Cilicum,
203 1205 276 1258 quac
286 1192 386 1259 Reguli
397 1194 537 1254 miserant,
553 1194 581 1242 in
591 1206 735 1245 numerum
746 1194 865 1262 legionis

60 1268 264 1327 composuerat.
301 1259 479 1327 Caesarisque
490 1278 518 1313 ce
527 1260 678 1331 Legatum,
698 1264 865 1327 testabatur,

54 1329 207 1397 provincis,
228 1346 308 1397 quum
322 1331 347 1382 ir
361 1330 485 1395 dedisset,
503 1330 594 1383 arceri
609 1347 661 1385 uou
675 1348 693 1384 o
708 1332 866 1402 legionibus,

60 1415 153 1451 earum
173 1399 270 1469 quippe
287 1400 379 1452 accitu
397 1400 502 1464 ceuirc,
522 1400 595 1453 seda
607 1399 710 1463 Sentio,
725 1402 867 1468 priuatum

57 1469 147 1522 odium
158 1467 245 1541 sulcis
263 1468 420 1522 criminibus
436 1477 553 1538 tegente.
572 1468 867 1534 concinnentium,

56 1556 109 1594 nou
115 1539 287 1609 pugnaturis
298 1539 438 1603 militibus,
448 1538 495 1590 uii
500 1538 637 1601 Pisonem,
647 1537 681 1589 ul
692 1538 758 1606 ipsis
768 1553 867 1606 paren-

1 1616 4 1621 *
56 1613 112 1661 t'em
124 1606 449 1693 quonddmadpellqtum,
464 1607 489 1658 ci
499 1607 559 1659 iure
569 1616 708 1677 ageretur,
725 1607 868 1676 potiorem,

56 1679 81 1730 si
95 1679 197 1742 armis,
217 1693 269 1729 nou
289 1677 438 1730 invalidum
454 1677 593 1729 vidissent.
630 1677 701 1728 Tum
717 1691 768 1744 pro
779 1679 867 1730 muni-

56 1751 160 1801 mentis
171 1748 280 1800 castelli
291 1748 448 1814 manipulos
458 1749 586 1813 explicat,
601 1745 671 1798 colle
682 1747 770 1800 arduo
782 1751 811 1800 et
821 1745 866 1800 de

56 1826 154 1884 rupto;
166 1833 231 1868 nam
245 1823 339 1869 cetera
349 1819 419 1869 mari
431 1819 589 1884 cinguntur.
619 1818 722 1868 Contra
731 1819 866 1881 ueterani,

57 1888 204 1940 ordinibus
224 1902 258 1938 ac
272 1887 402 1938 subsidiis
421 1889 561 1938 instructi.
579 1885 644 1939 hinc
655 1887 780 1950 militum,
799 1888 865 1940 indc

56 1957 187 2009 locorum
198 1958 343 2022 asperitas.
359 1957 475 2008 sednon
487 1958 603 2020 animus,
614 1971 670 2007 non
680 1971 751 2024 spes,
762 1972 796 2008 ue
807 1957 867 2009 tela
970 1969 977 1978 ·

56 2028 180 2095 quidem,
201 2027 255 2076 nisi
270 2027 401 2092 agrestia,
421 2026 457 2077 ad
472 2026 594 2076 subitum
610 2039 690 2076 usum
706 2031 867 2093 properata.

55 2103 87 2147 ut
96 2109 201 2148 venere
211 2095 240 2145 in
250 2109 357 2158 manus,
372 2110 428 2146 non
439 2096 516 2147 ultra
526 2095 691 2157 dubitatum,
706 2111 788 2163 quam
800 2096 866 2148 dum

55 2166 202 2218 Romanae
222 2162 353 2217 cohortes
373 2167 403 2216 in
417 2179 535 2232 aequum
555 2166 736 2217 eniterentur.
754 2173 868 2219 uertunt

56 2240 138 2304 terga
150 2235 261 2296 Cilices,
268 2248 352 2300 seque
364 2235 485 2286 Castello
496 2234 636 2284 claudunt.

107 2304 238 2358 Lxxxl.
257 2304 371 2357 interim
382 2303 446 2354 Piso
458 2304 582 2366 classem,
594 2299 667 2354 haud
677 2303 775 2368 procul
784 2319 866 2372 oppe

57 2377 187 2435 rientem,
198 2373 360 2439 adpugnare
371 2371 477 2430 frustra
485 2375 616 2423 tentavit:
626 2387 826 2440 regressusque
837 2383 867 2426 et

59 2459 108 2510 pro
120 2443 221 2504 muris,
241 2443 323 2493 modo
340 2448 428 2493 senret
445 2441 622 2504 adllictandc,
642 2441 726 2492 modo
742 2443 868 2510 singulos

57 2514 172 2567 nomine
189 2513 273 2574 ciens,
293 2509 424 2578 praemiis
443 2525 553 2574 vocans,
572 2510 739 2561 seditionem
759 2515 868 2573 coepta·

56 2583 121 2646 bat3
132 2580 259 2646 adeoque
270 2585 466 2642 commoverat,
472 2583 508 2630 ‘ut
517 2578 634 2645 signifer
644 2577 762 2642 legionis
773 2580 870 2624 sextus
932 2587 935 2594 ·

57 2654 171 2722 siguum
186 2649 224 2704 ad
238 2664 301 2703 eum
315 2649 500 2703 transtulerit.
537 2650 611 2699 Tum·
622 2645 734 2696 Sentius
745 2655 870 2693 occurrere
