<?xml version="1.0" encoding="UTF-8"?>
<!DOCTYPE html PUBLIC "-//W3C//DTD XHTML 1.0 Transitional//EN"
    "http://www.w3.org/TR/xhtml1/DTD/xhtml1-transitional.dtd">
<html xmlns="http://www.w3.org/1999/xhtml" xml:lang="en" lang="en">
 <head>
  <title>
</title>
<meta http-equiv="Content-Type" content="text/html;charset=utf-8" />
  <meta name='ocr-system' content='tesseract 3.04.00' />
  <meta name='ocr-capabilities' content='ocr_page ocr_carea ocr_par ocr_line ocrx_word'/>
</head>
<body>
  <div class='ocr_page' id='page_1' title='image "./ccorneliitaciti00socigoog/ccorneliitaciti00socigoog_0437.png"; bbox 0 0 2034 3025; ppageno 0'>
   <div class='ocr_carea' id='block_1_1' title="bbox 130 84 840 182">
    <p class='ocr_par' dir='ltr' id='par_1_1' title="bbox 130 84 840 182">
     <span class='ocr_line' id='line_1_1' title="bbox 130 84 840 182; baseline -0.006 -16"><span class='ocrx_word' id='word_1_1' title='bbox 130 115 149 166; x_wconf 82' lang='lat' dir='ltr'><strong>c</strong></span> <span class='ocrx_word' id='word_1_2' title='bbox 226 84 840 182; x_wconf 53' lang='lat' dir='ltr'><strong>meramnum[amomacum</strong></span> 
     </span>
    </p>
   </div>
   <div class='ocr_carea' id='block_1_2' title="bbox 61 218 967 1614">
    <p class='ocr_par' dir='ltr' id='par_1_2' title="bbox 130 218 937 286">
     <span class='ocr_line' id='line_1_2' title="bbox 130 218 937 286; baseline 0.002 -16"><span class='ocrx_word' id='word_1_3' title='bbox 130 220 181 272; x_wconf 86' lang='lat' dir='ltr'><strong>sed</strong></span> <span class='ocrx_word' id='word_1_4' title='bbox 195 234 290 275; x_wconf 82' lang='lat' dir='ltr'><strong>omnes</strong></span> <span class='ocrx_word' id='word_1_5' title='bbox 307 218 432 285; x_wconf 82' lang='lat' dir='ltr'>legiones</span> <span class='ocrx_word' id='word_1_6' title='bbox 445 218 594 285; x_wconf 88' lang='lat' dir='ltr'><strong>Ducesquc</strong></span> <span class='ocrx_word' id='word_1_7' title='bbox 612 219 780 271; x_wconf 84' lang='lat' dir='ltr'><strong>conciverat:</strong></span> <span class='ocrx_word' id='word_1_8' title='bbox 805 219 937 286; x_wconf 81' lang='lat' dir='ltr'><strong>evulgato</strong></span> 
     </span>
    </p>

    <p class='ocr_par' dir='ltr' id='par_1_3' title="bbox 129 277 950 358">
     <span class='ocr_line' id='line_1_3' title="bbox 129 277 950 358; baseline 0.001 -16"><span class='ocrx_word' id='word_1_9' title='bbox 129 290 243 358; x_wconf 82' lang='lat' dir='ltr'><strong>imperii</strong></span> <span class='ocrx_word' id='word_1_10' title='bbox 254 303 366 351; x_wconf 89' lang='lat' dir='ltr'><strong>arcano,</strong></span> <span class='ocrx_word' id='word_1_11' title='bbox 385 303 466 356; x_wconf 90' lang='lat' dir='ltr'><strong>posse</strong></span> <span class='ocrx_word' id='word_1_12' title='bbox 476 287 633 354; x_wconf 81' lang='lat' dir='ltr'><strong>Principem</strong></span> <span class='ocrx_word' id='word_1_13' title='bbox 644 287 718 350; x_wconf 88' lang='lat' dir='ltr'><strong>alibi,</strong></span> <span class='ocrx_word' id='word_1_14' title='bbox 737 277 820 354; x_wconf 73' lang='lat' dir='ltr'><strong>quani</strong></span> <span class='ocrx_word' id='word_1_15' title='bbox 831 289 950 344; x_wconf 79' lang='lat' dir='ltr'><strong>Romae&#39;</strong></span> 
     </span>
    </p>

    <p class='ocr_par' dir='ltr' id='par_1_4' title="bbox 61 357 967 496">
     <span class='ocr_line' id='line_1_4' title="bbox 61 357 965 433; baseline 0 -22"><span class='ocrx_word' id='word_1_16' title='bbox 61 421 68 424; x_wconf 27' lang='lat'>=</span> <span class='ocrx_word' id='word_1_17' title='bbox 129 361 198 412; x_wconf 86' lang='lat' dir='ltr'><strong>lieri.</strong></span> <span class='ocrx_word' id='word_1_18' title='bbox 235 357 291 411; x_wconf 84' lang='lat' dir='ltr'><strong>Sed</strong></span> <span class='ocrx_word' id='word_1_19' title='bbox 305 358 402 410; x_wconf 88' lang='lat' dir='ltr'><strong>Patres</strong></span> <span class='ocrx_word' id='word_1_20' title='bbox 421 358 503 420; x_wconf 83' lang='lat' dir='ltr'><strong>laeti,</strong></span> <span class='ocrx_word' id='word_1_21' title='bbox 530 362 665 425; x_wconf 85' lang='lat' dir='ltr'><strong>usurpata</strong></span> <span class='ocrx_word' id='word_1_22' title='bbox 684 359 779 409; x_wconf 89' lang='lat' dir='ltr'><strong>statim</strong></span> <span class='ocrx_word' id='word_1_23' title='bbox 798 357 965 433; x_wconf 51' lang='lat' dir='ltr'><strong>libertate,X</strong></span> 
     </span>
     <span class='ocr_line' id='line_1_5' title="bbox 87 427 967 496; baseline 0 -16"><span class='ocrx_word' id='word_1_24' title='bbox 87 429 92 438; x_wconf 89' lang='lat'><em>&#39;</em></span> <span class='ocrx_word' id='word_1_25' title='bbox 128 430 273 492; x_wconf 89' lang='lat' dir='ltr'><strong>licentius,</strong></span> <span class='ocrx_word' id='word_1_26' title='bbox 299 434 332 478; x_wconf 94' lang='lat' dir='ltr'><strong>ut</strong></span> <span class='ocrx_word' id='word_1_27' title='bbox 350 443 417 496; x_wconf 85' lang='lat' dir='ltr'><strong>erga</strong></span> <span class='ocrx_word' id='word_1_28' title='bbox 436 427 593 492; x_wconf 82' lang='lat' dir='ltr'><strong>Principem</strong></span> <span class='ocrx_word' id='word_1_29' title='bbox 613 441 715 478; x_wconf 90' lang='lat' dir='ltr'><strong>novum</strong></span> <span class='ocrx_word' id='word_1_30' title='bbox 734 434 764 478; x_wconf 90' lang='lat' dir='ltr'><strong>et</strong></span> <span class='ocrx_word' id='word_1_31' title='bbox 779 429 940 494; x_wconf 85' lang='lat' dir='ltr'><strong>absentem‚;</strong></span> <span class='ocrx_word' id='word_1_32' title='bbox 965 437 967 444; x_wconf 65' lang='lat'><strong><em>⁴</em></strong></span> 
     </span>
    </p>

    <p class='ocr_par' dir='ltr' id='par_1_5' title="bbox 125 495 939 567">
     <span class='ocr_line' id='line_1_6' title="bbox 125 495 939 567; baseline -0.002 -16"><span class='ocrx_word' id='word_1_33' title='bbox 125 501 267 567; x_wconf 87' lang='lat' dir='ltr'><strong>primores</strong></span> <span class='ocrx_word' id='word_1_34' title='bbox 276 498 408 566; x_wconf 85' lang='lat' dir='ltr'><strong>Equitum</strong></span> <span class='ocrx_word' id='word_1_35' title='bbox 419 498 538 564; x_wconf 80' lang='lat' dir='ltr'><strong>proximi</strong></span> <span class='ocrx_word' id='word_1_36' title='bbox 554 495 655 564; x_wconf 77' lang='lat' dir='ltr'><strong>gaudio</strong></span> <span class='ocrx_word' id='word_1_37' title='bbox 666 496 795 562; x_wconf 76' lang='lat' dir='ltr'><strong>Patrum3</strong></span> <span class='ocrx_word' id='word_1_38' title='bbox 813 513 879 566; x_wconf 89' lang='lat' dir='ltr'><strong>pars</strong></span> <span class='ocrx_word' id='word_1_39' title='bbox 889 513 939 564; x_wconf 87' lang='lat' dir='ltr'><strong>pn·</strong></span> 
     </span>
    </p>

    <p class='ocr_par' dir='ltr' id='par_1_6' title="bbox 130 566 938 637">
     <span class='ocr_line' id='line_1_7' title="bbox 130 566 938 637; baseline 0.001 -18"><span class='ocrx_word' id='word_1_40' title='bbox 130 569 190 637; x_wconf 87' lang='lat' dir='ltr'><strong>puli</strong></span> <span class='ocrx_word' id='word_1_41' title='bbox 206 570 330 636; x_wconf 81' lang='lat' dir='ltr'><strong>integra,</strong></span> <span class='ocrx_word' id='word_1_42' title='bbox 358 573 387 619; x_wconf 90' lang='lat' dir='ltr'><strong>et</strong></span> <span class='ocrx_word' id='word_1_43' title='bbox 402 568 510 634; x_wconf 84' lang='lat' dir='ltr'><strong>magnis</strong></span> <span class='ocrx_word' id='word_1_44' title='bbox 526 566 653 618; x_wconf 81' lang='lat' dir='ltr'><strong>domibus</strong></span> <span class='ocrx_word' id='word_1_45' title='bbox 669 581 791 631; x_wconf 81' lang='lat' dir='ltr'><strong>annexa,</strong></span> <span class='ocrx_word' id='word_1_46' title='bbox 819 568 938 620; x_wconf 82' lang='lat' dir='ltr'><strong>clientes</strong></span> 
     </span>
    </p>

    <p class='ocr_par' dir='ltr' id='par_1_7' title="bbox 92 636 937 705">
     <span class='ocr_line' id='line_1_8' title="bbox 92 636 937 705; baseline 0.004 -20"><span class='ocrx_word' id='word_1_47' title='bbox 92 671 98 685; x_wconf 75' lang='grc'><em>,</em></span> <span class='ocrx_word' id='word_1_48' title='bbox 129 639 280 705; x_wconf 79' lang='lat' dir='ltr'><strong>libertique</strong></span> <span class='ocrx_word' id='word_1_49' title='bbox 295 637 491 689; x_wconf 82' lang='lat' dir='ltr'><strong>damnatorum</strong></span> <span class='ocrx_word' id='word_1_50' title='bbox 505 640 535 688; x_wconf 83' lang='lat' dir='ltr'><strong>et</strong></span> <span class='ocrx_word' id='word_1_51' title='bbox 550 636 676 700; x_wconf 83' lang='lat' dir='ltr'><strong>exulum,</strong></span> <span class='ocrx_word' id='word_1_52' title='bbox 700 637 728 688; x_wconf 91' lang='lat' dir='ltr'><strong>in</strong></span> <span class='ocrx_word' id='word_1_53' title='bbox 744 652 820 704; x_wconf 89' lang='lat' dir='ltr'><strong>spem</strong></span> <span class='ocrx_word' id='word_1_54' title='bbox 837 639 937 691; x_wconf 72' lang='lat' dir='ltr'><strong>erecti:</strong></span> 
     </span>
    </p>

    <p class='ocr_par' dir='ltr' id='par_1_8' title="bbox 91 705 938 775">
     <span class='ocr_line' id='line_1_9' title="bbox 91 705 938 775; baseline -0.004 -13"><span class='ocrx_word' id='word_1_55' title='bbox 91 757 95 762; x_wconf 22' lang='grc' dir='ltr'><strong>Α</strong></span> <span class='ocrx_word' id='word_1_56' title='bbox 129 708 208 775; x_wconf 84' lang='lat' dir='ltr'><strong>plebs</strong></span> <span class='ocrx_word' id='word_1_57' title='bbox 218 707 332 758; x_wconf 89' lang='lat' dir='ltr'><strong>sordida</strong></span> <span class='ocrx_word' id='word_1_58' title='bbox 342 713 371 758; x_wconf 92' lang='lat' dir='ltr'><strong>et</strong></span> <span class='ocrx_word' id='word_1_59' title='bbox 381 707 454 758; x_wconf 88' lang='lat' dir='ltr'><strong>circo</strong></span> <span class='ocrx_word' id='word_1_60' title='bbox 470 722 503 759; x_wconf 87' lang='lat' dir='ltr'><strong>ac</strong></span> <span class='ocrx_word' id='word_1_61' title='bbox 513 705 629 758; x_wconf 80' lang='lat' dir='ltr'><strong>theatris</strong></span> <span class='ocrx_word' id='word_1_62' title='bbox 640 711 733 770; x_wconf 86' lang='lat' dir='ltr'><strong>sueta,</strong></span> <span class='ocrx_word' id='word_1_63' title='bbox 752 707 836 758; x_wconf 90' lang='lat' dir='ltr'><strong>simul</strong></span> <span class='ocrx_word' id='word_1_64' title='bbox 847 709 938 762; x_wconf 87' lang='lat' dir='ltr'><strong>deter-</strong></span> 
     </span>
    </p>

    <p class='ocr_par' dir='ltr' id='par_1_9' title="bbox 129 777 938 844">
     <span class='ocr_line' id='line_1_10' title="bbox 129 777 938 844; baseline 0.004 -16"><span class='ocrx_word' id='word_1_65' title='bbox 129 779 194 828; x_wconf 88' lang='lat' dir='ltr'><strong>rimi</strong></span> <span class='ocrx_word' id='word_1_66' title='bbox 209 791 368 840; x_wconf 81' lang='lat' dir='ltr'><strong>serrorum,</strong></span> <span class='ocrx_word' id='word_1_67' title='bbox 390 781 440 827; x_wconf 89' lang='lat' dir='ltr'><strong>aut</strong></span> <span class='ocrx_word' id='word_1_68' title='bbox 454 779 516 844; x_wconf 90' lang='lat' dir='ltr'><strong>qui,</strong></span> <span class='ocrx_word' id='word_1_69' title='bbox 535 777 625 829; x_wconf 88' lang='lat' dir='ltr'><strong>adesis</strong></span> <span class='ocrx_word' id='word_1_70' title='bbox 639 777 733 840; x_wconf 89' lang='lat' dir='ltr'><strong>bonis,</strong></span> <span class='ocrx_word' id='word_1_71' title='bbox 751 793 802 844; x_wconf 88' lang='lat' dir='ltr'><strong>per</strong></span> <span class='ocrx_word' id='word_1_72' title='bbox 816 778 938 830; x_wconf 81' lang='lat' dir='ltr'><strong>dedecus</strong></span> 
     </span>
    </p>

    <p class='ocr_par' dir='ltr' id='par_1_10' title="bbox 129 845 816 909">
     <span class='ocr_line' id='line_1_11' title="bbox 129 845 816 909; baseline 0 -11"><span class='ocrx_word' id='word_1_73' title='bbox 129 845 250 898; x_wconf 88' lang='lat' dir='ltr'><strong>Neronis</strong></span> <span class='ocrx_word' id='word_1_74' title='bbox 261 845 416 909; x_wconf 80' lang='lat' dir='ltr'><strong>alebantur,</strong></span> <span class='ocrx_word' id='word_1_75' title='bbox 433 847 573 898; x_wconf 84' lang='lat' dir='ltr'><strong>maesti&#39;et</strong></span> <span class='ocrx_word' id='word_1_76' title='bbox 581 861 724 897; x_wconf 89' lang='lat' dir='ltr'><strong>rumorum</strong></span> <span class='ocrx_word' id='word_1_77' title='bbox 735 847 816 898; x_wconf 87' lang='lat' dir='ltr'><strong>avidi.</strong></span> 
     </span>
    </p>

    <p class='ocr_par' dir='ltr' id='par_1_11' title="bbox 128 915 940 1614">
     <span class='ocr_line' id='line_1_12' title="bbox 181 915 938 984; baseline 0 -15"><span class='ocrx_word' id='word_1_78' title='bbox 181 915 217 969; x_wconf 88' lang='lat' dir='ltr'><strong>V.</strong></span> <span class='ocrx_word' id='word_1_79' title='bbox 252 915 335 967; x_wconf 85' lang='lat' dir='ltr'><strong>Miles</strong></span> <span class='ocrx_word' id='word_1_80' title='bbox 346 917 482 980; x_wconf 87' lang='lat' dir='ltr'><strong>urbanus,</strong></span> <span class='ocrx_word' id='word_1_81' title='bbox 501 916 586 984; x_wconf 83' lang='lat' dir='ltr'><strong>longo</strong></span> <span class='ocrx_word' id='word_1_82' title='bbox 597 918 748 968; x_wconf 84' lang='lat' dir='ltr'><strong>Caesarum</strong></span> <span class='ocrx_word' id='word_1_83' title='bbox 761 924 938 970; x_wconf 85' lang='lat' dir='ltr'><strong>sacramento</strong></span> 
     </span>
     <span class='ocr_line' id='line_1_13' title="bbox 128 985 940 1054; baseline 0.002 -19"><span class='ocrx_word' id='word_1_84' title='bbox 128 986 254 1048; x_wconf 87' lang='lat' dir='ltr'><strong>inbutus,</strong></span> <span class='ocrx_word' id='word_1_85' title='bbox 273 989 303 1037; x_wconf 84' lang='lat' dir='ltr'><strong>et</strong></span> <span class='ocrx_word' id='word_1_86' title='bbox 318 985 354 1038; x_wconf 89' lang='lat' dir='ltr'><strong>ad</strong></span> <span class='ocrx_word' id='word_1_87' title='bbox 364 986 571 1038; x_wconf 85' lang='lat' dir='ltr'><strong>destituendum</strong></span> <span class='ocrx_word' id='word_1_88' title='bbox 581 985 719 1038; x_wconf 84' lang='lat' dir='ltr'><strong>Neronem</strong></span> <span class='ocrx_word' id='word_1_89' title='bbox 734 991 795 1038; x_wconf 86' lang='lat' dir='ltr'><strong>arte</strong></span> <span class='ocrx_word' id='word_1_90' title='bbox 811 988 899 1054; x_wconf 86' lang='lat' dir='ltr'><strong>magis</strong></span> <span class='ocrx_word' id='word_1_91' title='bbox 909 992 940 1039; x_wconf 86' lang='lat' dir='ltr'><strong>et</strong></span> 
     </span>
     <span class='ocr_line' id='line_1_14' title="bbox 129 1055 939 1124; baseline 0.004 -19"><span class='ocrx_word' id='word_1_92' title='bbox 129 1055 251 1123; x_wconf 86' lang='lat' dir='ltr'><strong>inpulsu,</strong></span> <span class='ocrx_word' id='word_1_93' title='bbox 270 1071 353 1123; x_wconf 91' lang='lat' dir='ltr'><strong>quam</strong></span> <span class='ocrx_word' id='word_1_94' title='bbox 364 1069 415 1107; x_wconf 89' lang='lat' dir='ltr'><strong>suo</strong></span> <span class='ocrx_word' id='word_1_95' title='bbox 426 1057 547 1124; x_wconf 85' lang='lat' dir='ltr'><strong>ingenio,</strong></span> <span class='ocrx_word' id='word_1_96' title='bbox 566 1056 719 1120; x_wconf 87' lang='lat' dir='ltr'><strong>traductus,</strong></span> <span class='ocrx_word' id='word_1_97' title='bbox 734 1062 880 1124; x_wconf 77' lang='lat' dir='ltr'><strong>postquam</strong></span> <span class='ocrx_word' id='word_1_98' title='bbox 890 1072 939 1108; x_wconf 88' lang='lat' dir='ltr'><strong>nc·</strong></span> 
     </span>
     <span class='ocr_line' id='line_1_15' title="bbox 129 1125 939 1192; baseline 0 -16"><span class='ocrx_word' id='word_1_99' title='bbox 129 1140 183 1192; x_wconf 92' lang='lat' dir='ltr'><strong>que</strong></span> <span class='ocrx_word' id='word_1_100' title='bbox 194 1125 255 1177; x_wconf 84' lang='lat' dir='ltr'><strong>dari</strong></span> <span class='ocrx_word' id='word_1_101' title='bbox 266 1125 441 1189; x_wconf 79' lang='lat' dir='ltr'><strong>donativum,</strong></span> <span class='ocrx_word' id='word_1_102' title='bbox 459 1126 510 1176; x_wconf 86' lang='lat' dir='ltr'><strong>sub</strong></span> <span class='ocrx_word' id='word_1_103' title='bbox 522 1128 634 1178; x_wconf 90' lang='lat' dir='ltr'><strong>nomine</strong></span> <span class='ocrx_word' id='word_1_104' title='bbox 646 1126 751 1178; x_wconf 81' lang='lat' dir='ltr'><strong>Galbae</strong></span> <span class='ocrx_word' id='word_1_105' title='bbox 761 1127 939 1192; x_wconf 87' lang='lat' dir='ltr'><strong>promissum,</strong></span> 
     </span>
     <span class='ocr_line' id='line_1_16' title="bbox 129 1196 939 1263; baseline 0.001 -19"><span class='ocrx_word' id='word_1_106' title='bbox 129 1210 220 1262; x_wconf 92' lang='lat' dir='ltr'><strong>neque</strong></span> <span class='ocrx_word' id='word_1_107' title='bbox 239 1199 347 1262; x_wconf 84' lang='lat' dir='ltr'><strong>magnis</strong></span> <span class='ocrx_word' id='word_1_108' title='bbox 366 1197 473 1248; x_wconf 90' lang='lat' dir='ltr'><strong>meritis</strong></span> <span class='ocrx_word' id='word_1_109' title='bbox 494 1211 527 1246; x_wconf 90' lang='lat' dir='ltr'><strong>ac</strong></span> <span class='ocrx_word' id='word_1_110' title='bbox 541 1197 671 1263; x_wconf 84' lang='lat' dir='ltr'><strong>praemiis</strong></span> <span class='ocrx_word' id='word_1_111' title='bbox 687 1196 804 1249; x_wconf 89' lang='lat' dir='ltr'><strong>eundem</strong></span> <span class='ocrx_word' id='word_1_112' title='bbox 818 1198 846 1246; x_wconf 88' lang='lat' dir='ltr'><strong>in</strong></span> <span class='ocrx_word' id='word_1_113' title='bbox 861 1209 939 1260; x_wconf 86' lang='lat' dir='ltr'><strong>pace,</strong></span> 
     </span>
     <span class='ocr_line' id='line_1_17' title="bbox 129 1264 936 1336; baseline -0.001 -21"><span class='ocrx_word' id='word_1_114' title='bbox 129 1279 212 1332; x_wconf 84' lang='lat' dir='ltr'><strong>quem</strong></span> <span class='ocrx_word' id='word_1_115' title='bbox 223 1266 252 1316; x_wconf 92' lang='lat' dir='ltr'><strong>in</strong></span> <span class='ocrx_word' id='word_1_116' title='bbox 262 1265 348 1330; x_wconf 88' lang='lat' dir='ltr'><strong>bello,</strong></span> <span class='ocrx_word' id='word_1_117' title='bbox 364 1265 466 1328; x_wconf 86' lang='lat' dir='ltr'><strong>locum,</strong></span> <span class='ocrx_word' id='word_1_118' title='bbox 479 1270 715 1336; x_wconf 82' lang='lat' dir='ltr'><strong>praeventamque</strong></span> <span class='ocrx_word' id='word_1_119' title='bbox 726 1267 843 1334; x_wconf 79' lang='lat' dir='ltr'><strong>gratiam</strong></span> <span class='ocrx_word' id='word_1_120' title='bbox 853 1264 936 1316; x_wconf 79' lang='lat' dir='ltr'><strong>iintel-</strong></span> 
     </span>
     <span class='ocr_line' id='line_1_18' title="bbox 129 1333 937 1402; baseline -0.001 -17"><span class='ocrx_word' id='word_1_121' title='bbox 129 1333 193 1402; x_wconf 84' lang='lat' dir='ltr'><strong>ligit</strong></span> <span class='ocrx_word' id='word_1_122' title='bbox 207 1335 281 1401; x_wconf 87' lang='lat' dir='ltr'><strong>apud</strong></span> <span class='ocrx_word' id='word_1_123' title='bbox 295 1335 467 1402; x_wconf 82' lang='lat' dir='ltr'><strong>Principem,</strong></span> <span class='ocrx_word' id='word_1_124' title='bbox 489 1351 505 1385; x_wconf 88' lang='lat' dir='ltr'><strong>a</strong></span> <span class='ocrx_word' id='word_1_125' title='bbox 521 1335 676 1402; x_wconf 83' lang='lat' dir='ltr'><strong>legionibus</strong></span> <span class='ocrx_word' id='word_1_126' title='bbox 695 1336 813 1398; x_wconf 80' lang='lat' dir='ltr'><strong>sactum3</strong></span> <span class='ocrx_word' id='word_1_127' title='bbox 830 1347 937 1401; x_wconf 85' lang='lat' dir='ltr'><strong>pronus</strong></span> 
     </span>
     <span class='ocr_line' id='line_1_19' title="bbox 129 1403 938 1474; baseline 0.001 -19"><span class='ocrx_word' id='word_1_128' title='bbox 129 1403 165 1455; x_wconf 85' lang='lat' dir='ltr'><strong>ad</strong></span> <span class='ocrx_word' id='word_1_129' title='bbox 177 1419 262 1456; x_wconf 82' lang='lat' dir='ltr'><strong>noras</strong></span> <span class='ocrx_word' id='word_1_130' title='bbox 272 1421 331 1468; x_wconf 80' lang='lat' dir='ltr'><strong>res,</strong></span> <span class='ocrx_word' id='word_1_131' title='bbox 337 1404 442 1458; x_wconf 80' lang='lat' dir='ltr'><strong>scelere</strong></span> <span class='ocrx_word' id='word_1_132' title='bbox 452 1407 567 1471; x_wconf 86' lang='lat' dir='ltr'><strong>insuper</strong></span> <span class='ocrx_word' id='word_1_133' title='bbox 578 1404 739 1474; x_wconf 84' lang='lat' dir='ltr'><strong>Nymphidii</strong></span> <span class='ocrx_word' id='word_1_134' title='bbox 750 1405 844 1458; x_wconf 88' lang='lat' dir='ltr'><strong>Sabini</strong></span> <span class='ocrx_word' id='word_1_135' title='bbox 855 1403 938 1456; x_wconf 87' lang='lat' dir='ltr'><strong>Prae·</strong></span> 
     </span>
     <span class='ocr_line' id='line_1_20' title="bbox 130 1472 938 1545; baseline 0.001 -19"><span class='ocrx_word' id='word_1_136' title='bbox 130 1472 211 1538; x_wconf 84' lang='lat' dir='ltr'><strong>lecti,</strong></span> <span class='ocrx_word' id='word_1_137' title='bbox 229 1474 380 1543; x_wconf 88' lang='lat' dir='ltr'><strong>Imperium</strong></span> <span class='ocrx_word' id='word_1_138' title='bbox 395 1475 448 1529; x_wconf 90' lang='lat' dir='ltr'><strong>sibi</strong></span> <span class='ocrx_word' id='word_1_139' title='bbox 464 1476 619 1540; x_wconf 87' lang='lat' dir='ltr'><strong>molientis,</strong></span> <span class='ocrx_word' id='word_1_140' title='bbox 631 1476 772 1545; x_wconf 79' lang='lat' dir='ltr'><strong>agitatur.</strong></span> <span class='ocrx_word' id='word_1_141' title='bbox 807 1477 844 1529; x_wconf 87' lang='lat' dir='ltr'><strong>Et</strong></span> <span class='ocrx_word' id='word_1_142' title='bbox 853 1473 938 1543; x_wconf 89' lang='lat' dir='ltr'><strong>Nym-</strong></span> 
     </span>
     <span class='ocr_line' id='line_1_21' title="bbox 130 1542 937 1614; baseline 0.001 -20"><span class='ocrx_word' id='word_1_143' title='bbox 130 1542 242 1611; x_wconf 84' lang='lat' dir='ltr'><strong>phidius</strong></span> <span class='ocrx_word' id='word_1_144' title='bbox 252 1547 364 1613; x_wconf 89' lang='lat' dir='ltr'><strong>quidem</strong></span> <span class='ocrx_word' id='word_1_145' title='bbox 372 1548 467 1613; x_wconf 89' lang='lat' dir='ltr'><strong>inipso</strong></span> <span class='ocrx_word' id='word_1_146' title='bbox 479 1553 581 1598; x_wconf 89' lang='lat' dir='ltr'><strong>conatu</strong></span> <span class='ocrx_word' id='word_1_147' title='bbox 591 1561 754 1614; x_wconf 88' lang='lat' dir='ltr'><strong>oppressus:</strong></span> <span class='ocrx_word' id='word_1_148' title='bbox 773 1547 831 1607; x_wconf 88' lang='lat' dir='ltr'><strong>sed,</strong></span> <span class='ocrx_word' id='word_1_149' title='bbox 842 1557 937 1614; x_wconf 87' lang='lat' dir='ltr'><strong>quam·</strong></span> 
     </span>
    </p>
   </div>
   <div class='ocr_carea' id='block_1_3' title="bbox 20 1615 939 1683">
    <p class='ocr_par' dir='ltr' id='par_1_12' title="bbox 20 1615 939 1683">
     <span class='ocr_line' id='line_1_22' title="bbox 20 1615 939 1683; baseline 0.001 -19"><span class='ocrx_word' id='word_1_150' title='bbox 20 1674 29 1683; x_wconf 39' lang='lat'><strong>·</strong></span> <span class='ocrx_word' id='word_1_151' title='bbox 130 1615 171 1665; x_wconf 79' lang='lat' dir='ltr'><strong>vis</strong></span> <span class='ocrx_word' id='word_1_152' title='bbox 185 1616 275 1682; x_wconf 85' lang='lat' dir='ltr'><strong>capite</strong></span> <span class='ocrx_word' id='word_1_153' title='bbox 290 1615 454 1671; x_wconf 82' lang='lat' dir='ltr'><strong>delectionis</strong></span> <span class='ocrx_word' id='word_1_154' title='bbox 469 1617 579 1679; x_wconf 88' lang='lat' dir='ltr'><strong>ablato,</strong></span> <span class='ocrx_word' id='word_1_155' title='bbox 597 1616 727 1667; x_wconf 89' lang='lat' dir='ltr'><strong>manebat</strong></span> <span class='ocrx_word' id='word_1_156' title='bbox 740 1615 880 1683; x_wconf 87' lang='lat' dir='ltr'><strong>plerisque</strong></span> <span class='ocrx_word' id='word_1_157' title='bbox 889 1615 939 1665; x_wconf 93' lang='lat' dir='ltr'><strong>mi·</strong></span> 
     </span>
    </p>
   </div>
   <div class='ocr_carea' id='block_1_4' title="bbox 128 1682 943 2239">
    <p class='ocr_par' dir='ltr' id='par_1_13' title="bbox 128 1682 943 2239">
     <span class='ocr_line' id='line_1_23' title="bbox 129 1682 940 1749; baseline 0.001 -15"><span class='ocrx_word' id='word_1_158' title='bbox 129 1682 211 1735; x_wconf 89' lang='lat' dir='ltr'><strong>litum</strong></span> <span class='ocrx_word' id='word_1_159' title='bbox 223 1687 406 1749; x_wconf 84' lang='lat' dir='ltr'><strong>conscicntia3</strong></span> <span class='ocrx_word' id='word_1_160' title='bbox 424 1700 475 1737; x_wconf 90' lang='lat' dir='ltr'><strong>nec</strong></span> <span class='ocrx_word' id='word_1_161' title='bbox 486 1686 604 1737; x_wconf 88' lang='lat' dir='ltr'><strong>deerant</strong></span> <span class='ocrx_word' id='word_1_162' title='bbox 613 1699 764 1745; x_wconf 86' lang='lat' dir='ltr'><strong>sermones,</strong></span> <span class='ocrx_word' id='word_1_163' title='bbox 783 1684 886 1735; x_wconf 84' lang='lat' dir='ltr'><strong>senium</strong></span> <span class='ocrx_word' id='word_1_164' title='bbox 897 1690 940 1735; x_wconf 83' lang='lat' dir='ltr'><strong>at·</strong></span> 
     </span>
     <span class='ocr_line' id='line_1_24' title="bbox 128 1752 940 1821; baseline -0.001 -17"><span class='ocrx_word' id='word_1_165' title='bbox 128 1769 180 1821; x_wconf 82' lang='lat' dir='ltr'><strong>que</strong></span> <span class='ocrx_word' id='word_1_166' title='bbox 194 1754 343 1805; x_wconf 79' lang='lat' dir='ltr'><strong>avaritiam</strong></span> <span class='ocrx_word' id='word_1_167' title='bbox 360 1754 464 1807; x_wconf 77' lang='lat' dir='ltr'><strong>Galbae</strong></span> <span class='ocrx_word' id='word_1_168' title='bbox 478 1754 690 1820; x_wconf 82' lang='lat' dir='ltr'><strong>increpantium.</strong></span> <span class='ocrx_word' id='word_1_169' title='bbox 726 1753 855 1802; x_wconf 83' lang='lat' dir='ltr'><strong>Laudata</strong></span> <span class='ocrx_word' id='word_1_170' title='bbox 871 1752 940 1803; x_wconf 89' lang='lat' dir='ltr'><strong>olim</strong></span> 
     </span>
     <span class='ocr_line' id='line_1_25' title="bbox 129 1820 941 1887; baseline -0.001 -13"><span class='ocrx_word' id='word_1_171' title='bbox 129 1828 159 1874; x_wconf 90' lang='lat' dir='ltr'><strong>et</strong></span> <span class='ocrx_word' id='word_1_172' title='bbox 169 1823 283 1873; x_wconf 89' lang='lat' dir='ltr'><strong>militari</strong></span> <span class='ocrx_word' id='word_1_173' title='bbox 297 1824 372 1874; x_wconf 83' lang='lat' dir='ltr'><strong>fama</strong></span> <span class='ocrx_word' id='word_1_174' title='bbox 382 1823 523 1875; x_wconf 88' lang='lat' dir='ltr'><strong>celebrata</strong></span> <span class='ocrx_word' id='word_1_175' title='bbox 538 1824 671 1873; x_wconf 75' lang='lat' dir='ltr'><strong>severitas</strong></span> <span class='ocrx_word' id='word_1_176' title='bbox 687 1822 745 1877; x_wconf 89' lang='lat' dir='ltr'><strong>eius</strong></span> <span class='ocrx_word' id='word_1_177' title='bbox 760 1820 881 1887; x_wconf 81' lang='lat' dir='ltr'><strong>angebat</strong></span> <span class='ocrx_word' id='word_1_178' title='bbox 891 1822 941 1873; x_wconf 86' lang='lat' dir='ltr'><strong>ad·</strong></span> 
     </span>
     <span class='ocr_line' id='line_1_26' title="bbox 128 1889 940 1958; baseline 0.002 -18"><span class='ocrx_word' id='word_1_179' title='bbox 128 1899 294 1957; x_wconf 86' lang='lat' dir='ltr'><strong>spernantes</strong></span> <span class='ocrx_word' id='word_1_180' title='bbox 308 1899 430 1944; x_wconf 87' lang='lat' dir='ltr'><strong>veterem</strong></span> <span class='ocrx_word' id='word_1_181' title='bbox 446 1890 632 1958; x_wconf 86' lang='lat' dir='ltr'><strong>disciplinam,</strong></span> <span class='ocrx_word' id='word_1_182' title='bbox 650 1894 735 1957; x_wconf 86' lang='lat' dir='ltr'><strong>atque</strong></span> <span class='ocrx_word' id='word_1_183' title='bbox 746 1891 786 1941; x_wconf 85' lang='lat' dir='ltr'><strong>ita</strong></span> <span class='ocrx_word' id='word_1_184' title='bbox 795 1889 881 1941; x_wconf 89' lang='lat' dir='ltr'><strong>Xllll.</strong></span> <span class='ocrx_word' id='word_1_185' title='bbox 891 1906 940 1942; x_wconf 91' lang='lat' dir='ltr'><strong>an-</strong></span> 
     </span>
     <span class='ocr_line' id='line_1_27' title="bbox 129 1958 940 2022; baseline 0.001 -12"><span class='ocrx_word' id='word_1_186' title='bbox 129 1961 172 2011; x_wconf 91' lang='lat' dir='ltr'><strong>nis</strong></span> <span class='ocrx_word' id='word_1_187' title='bbox 183 1976 199 2010; x_wconf 89' lang='lat' dir='ltr'><strong>a</strong></span> <span class='ocrx_word' id='word_1_188' title='bbox 209 1960 321 2013; x_wconf 88' lang='lat' dir='ltr'><strong>Nerone</strong></span> <span class='ocrx_word' id='word_1_189' title='bbox 336 1961 523 2022; x_wconf 85' lang='lat' dir='ltr'><strong>adsuefactos,</strong></span> <span class='ocrx_word' id='word_1_190' title='bbox 542 1964 574 2009; x_wconf 88' lang='lat' dir='ltr'><strong>ut</strong></span> <span class='ocrx_word' id='word_1_191' title='bbox 589 1958 664 2011; x_wconf 91' lang='lat' dir='ltr'><strong>haud</strong></span> <span class='ocrx_word' id='word_1_192' title='bbox 680 1961 770 2010; x_wconf 85' lang='lat' dir='ltr'><strong>minus</strong></span> <span class='ocrx_word' id='word_1_193' title='bbox 780 1961 849 2011; x_wconf 84' lang='lat' dir='ltr'><strong>vitia</strong></span> <span class='ocrx_word' id='word_1_194' title='bbox 860 1959 940 2011; x_wconf 86' lang='lat' dir='ltr'><strong>Prin-</strong></span> 
     </span>
     <span class='ocr_line' id='line_1_28' title="bbox 129 2030 941 2098; baseline 0.002 -18"><span class='ocrx_word' id='word_1_195' title='bbox 129 2030 220 2095; x_wconf 91' lang='lat' dir='ltr'><strong>cipum</strong></span> <span class='ocrx_word' id='word_1_196' title='bbox 232 2036 367 2093; x_wconf 86' lang='lat' dir='ltr'><strong>amarcnt,</strong></span> <span class='ocrx_word' id='word_1_197' title='bbox 384 2038 464 2098; x_wconf 92' lang='lat' dir='ltr'><strong>quam</strong></span> <span class='ocrx_word' id='word_1_198' title='bbox 476 2030 543 2081; x_wconf 90' lang='lat' dir='ltr'><strong>olim</strong></span> <span class='ocrx_word' id='word_1_199' title='bbox 554 2030 671 2081; x_wconf 81' lang='lat' dir='ltr'><strong>virtutes</strong></span> <span class='ocrx_word' id='word_1_200' title='bbox 682 2030 857 2081; x_wconf 87' lang='lat' dir='ltr'><strong>verebantur.</strong></span> <span class='ocrx_word' id='word_1_201' title='bbox 888 2031 941 2082; x_wconf 80' lang='lat' dir='ltr'><strong>Ac·</strong></span> 
     </span>
     <span class='ocr_line' id='line_1_29' title="bbox 129 2096 943 2167; baseline -0.002 -16"><span class='ocrx_word' id='word_1_202' title='bbox 129 2101 214 2151; x_wconf 87' lang='lat' dir='ltr'><strong>cessit</strong></span> <span class='ocrx_word' id='word_1_203' title='bbox 229 2098 336 2151; x_wconf 84' lang='lat' dir='ltr'><strong>Galbae</strong></span> <span class='ocrx_word' id='word_1_204' title='bbox 351 2113 418 2160; x_wconf 83' lang='lat' dir='ltr'><strong>vox,</strong></span> <span class='ocrx_word' id='word_1_205' title='bbox 437 2113 488 2164; x_wconf 88' lang='lat' dir='ltr'><strong>pro</strong></span> <span class='ocrx_word' id='word_1_206' title='bbox 504 2096 659 2165; x_wconf 82' lang='lat' dir='ltr'><strong>Republica</strong></span> <span class='ocrx_word' id='word_1_207' title='bbox 673 2098 804 2163; x_wconf 86' lang='lat' dir='ltr'><strong>honesta,</strong></span> <span class='ocrx_word' id='word_1_208' title='bbox 822 2100 874 2167; x_wconf 91' lang='lat' dir='ltr'><strong>ipsi</strong></span> <span class='ocrx_word' id='word_1_209' title='bbox 890 2113 943 2150; x_wconf 49' lang='lat' dir='ltr'><strong>anf</strong></span> 
     </span>
     <span class='ocr_line' id='line_1_30' title="bbox 130 2166 939 2239; baseline 0 -18"><span class='ocrx_word' id='word_1_210' title='bbox 130 2183 208 2236; x_wconf 85' lang='lat' dir='ltr'><strong>ceps,</strong></span> <span class='ocrx_word' id='word_1_211' title='bbox 226 2168 282 2239; x_wconf 81' lang='lat' dir='ltr'><strong>legi</strong></span> <span class='ocrx_word' id='word_1_212' title='bbox 296 2184 314 2219; x_wconf 83' lang='lat' dir='ltr'><strong>a</strong></span> <span class='ocrx_word' id='word_1_213' title='bbox 328 2184 357 2219; x_wconf 81' lang='lat' dir='ltr'><strong>re</strong></span> <span class='ocrx_word' id='word_1_214' title='bbox 366 2166 491 2234; x_wconf 80' lang='lat' dir='ltr'><strong>militem,</strong></span> <span class='ocrx_word' id='word_1_215' title='bbox 509 2185 563 2221; x_wconf 83' lang='lat' dir='ltr'><strong>non</strong></span> <span class='ocrx_word' id='word_1_216' title='bbox 573 2168 633 2221; x_wconf 79' lang='lat' dir='ltr'><strong>emi.</strong></span> <span class='ocrx_word' id='word_1_217' title='bbox 668 2169 726 2223; x_wconf 84' lang='lat' dir='ltr'><strong>Nec</strong></span> <span class='ocrx_word' id='word_1_218' title='bbox 736 2170 809 2221; x_wconf 90' lang='lat' dir='ltr'><strong>enim</strong></span> <span class='ocrx_word' id='word_1_219' title='bbox 820 2170 856 2221; x_wconf 89' lang='lat' dir='ltr'><strong>ad</strong></span> <span class='ocrx_word' id='word_1_220' title='bbox 867 2168 939 2221; x_wconf 89' lang='lat' dir='ltr'><strong>hanc</strong></span> 
     </span>
    </p>
   </div>
   <div class='ocr_carea' id='block_1_5' title="bbox 31 2238 453 2290">
    <p class='ocr_par' dir='ltr' id='par_1_14' title="bbox 31 2238 453 2290">
     <span class='ocr_line' id='line_1_31' title="bbox 31 2238 453 2290; baseline 0 -1"><span class='ocrx_word' id='word_1_221' title='bbox 31 2240 41 2257; x_wconf 71' lang='lat'><em>⁶</em></span> <span class='ocrx_word' id='word_1_222' title='bbox 129 2238 250 2290; x_wconf 83' lang='lat' dir='ltr'><strong>formam</strong></span> <span class='ocrx_word' id='word_1_223' title='bbox 261 2244 355 2290; x_wconf 88' lang='lat' dir='ltr'><strong>cetera</strong></span> <span class='ocrx_word' id='word_1_224' title='bbox 364 2242 453 2290; x_wconf 89' lang='lat' dir='ltr'><strong>erant.</strong></span> 
     </span>
    </p>
   </div>
   <div class='ocr_carea' id='block_1_6' title="bbox 113 2308 941 2730">
    <p class='ocr_par' dir='ltr' id='par_1_15' title="bbox 113 2308 941 2730">
     <span class='ocr_line' id='line_1_32' title="bbox 182 2308 938 2364; baseline 0 -3"><span class='ocrx_word' id='word_1_225' title='bbox 182 2308 230 2361; x_wconf 70' lang='lat' dir='ltr'><strong>tl.</strong></span> <span class='ocrx_word' id='word_1_226' title='bbox 264 2308 419 2361; x_wconf 82' lang='lat' dir='ltr'><strong>Invalidum</strong></span> <span class='ocrx_word' id='word_1_227' title='bbox 445 2323 539 2364; x_wconf 85' lang='lat' dir='ltr'><strong>senem</strong></span> <span class='ocrx_word' id='word_1_228' title='bbox 564 2310 599 2362; x_wconf 85' lang='lat' dir='ltr'><strong>T.</strong></span> <span class='ocrx_word' id='word_1_229' title='bbox 618 2310 719 2364; x_wconf 88' lang='lat' dir='ltr'><strong>Vinius</strong></span> <span class='ocrx_word' id='word_1_230' title='bbox 745 2314 774 2363; x_wconf 85' lang='lat' dir='ltr'><strong>et</strong></span> <span class='ocrx_word' id='word_1_231' title='bbox 793 2309 938 2362; x_wconf 85' lang='lat' dir='ltr'><strong>cornelius</strong></span> 
     </span>
     <span class='ocr_line' id='line_1_33' title="bbox 129 2377 937 2449; baseline 0.001 -20"><span class='ocrx_word' id='word_1_232' title='bbox 129 2377 220 2440; x_wconf 87' lang='lat' dir='ltr'><strong>Laco,</strong></span> <span class='ocrx_word' id='word_1_233' title='bbox 239 2378 312 2430; x_wconf 89' lang='lat' dir='ltr'><strong>alter</strong></span> <span class='ocrx_word' id='word_1_234' title='bbox 327 2378 494 2432; x_wconf 87' lang='lat' dir='ltr'><strong>deterrimus</strong></span> <span class='ocrx_word' id='word_1_235' title='bbox 510 2378 686 2445; x_wconf 88' lang='lat' dir='ltr'><strong>mortalium,</strong></span> <span class='ocrx_word' id='word_1_236' title='bbox 707 2378 781 2449; x_wconf 79' lang='lat' dir='ltr'><strong>alter</strong></span> <span class='ocrx_word' id='word_1_237' title='bbox 794 2380 937 2449; x_wconf 73' lang='lat' dir='ltr'><strong>ignatissi·</strong></span> 
     </span>
     <span class='ocr_line' id='line_1_34' title="bbox 129 2448 937 2519; baseline 0.004 -20"><span class='ocrx_word' id='word_1_238' title='bbox 129 2463 199 2512; x_wconf 89' lang='lat' dir='ltr'><strong>mus,</strong></span> <span class='ocrx_word' id='word_1_239' title='bbox 218 2448 463 2517; x_wconf 80' lang='lat' dir='ltr'><strong>odio-flagitiorum</strong></span> <span class='ocrx_word' id='word_1_240' title='bbox 476 2456 632 2515; x_wconf 86' lang='lat' dir='ltr'><strong>oneratum,</strong></span> <span class='ocrx_word' id='word_1_241' title='bbox 648 2456 807 2519; x_wconf 88' lang='lat' dir='ltr'><strong>contemptu</strong></span> <span class='ocrx_word' id='word_1_242' title='bbox 819 2452 937 2502; x_wconf 85' lang='lat' dir='ltr'><strong>inertiae</strong></span> 
     </span>
     <span class='ocr_line' id='line_1_35' title="bbox 128 2518 938 2584; baseline -0.001 -13"><span class='ocrx_word' id='word_1_243' title='bbox 128 2518 318 2573; x_wconf 84' lang='lat' dir='ltr'><strong>destruebant.</strong></span> <span class='ocrx_word' id='word_1_244' title='bbox 354 2520 479 2572; x_wconf 84' lang='lat' dir='ltr'><strong>Tardum</strong></span> <span class='ocrx_word' id='word_1_245' title='bbox 490 2522 597 2573; x_wconf 81' lang='lat' dir='ltr'><strong>Galbae</strong></span> <span class='ocrx_word' id='word_1_246' title='bbox 611 2522 667 2573; x_wconf 90' lang='lat' dir='ltr'><strong>iter</strong></span> <span class='ocrx_word' id='word_1_247' title='bbox 682 2527 710 2572; x_wconf 92' lang='lat' dir='ltr'><strong>et</strong></span> <span class='ocrx_word' id='word_1_248' title='bbox 720 2526 878 2584; x_wconf 86' lang='lat' dir='ltr'><strong>cruentum,</strong></span> <span class='ocrx_word' id='word_1_249' title='bbox 895 2522 938 2570; x_wconf 88' lang='lat' dir='ltr'><strong>in·</strong></span> 
     </span>
     <span class='ocr_line' id='line_1_36' title="bbox 113 2590 939 2661; baseline -0.001 -19"><span class='ocrx_word' id='word_1_250' title='bbox 113 2590 253 2643; x_wconf 58' lang='lat' dir='ltr'><strong>“terfectis</strong></span> <span class='ocrx_word' id='word_1_251' title='bbox 269 2591 403 2661; x_wconf 82' lang='lat' dir='ltr'><strong>Cingonio</strong></span> <span class='ocrx_word' id='word_1_252' title='bbox 419 2591 561 2657; x_wconf 89' lang='lat' dir='ltr'><strong>Varrone,</strong></span> <span class='ocrx_word' id='word_1_253' title='bbox 590 2593 711 2646; x_wconf 80' lang='lat' dir='ltr'><strong>Consule</strong></span> <span class='ocrx_word' id='word_1_254' title='bbox 725 2592 884 2661; x_wconf 85' lang='lat' dir='ltr'><strong>designato,</strong></span> <span class='ocrx_word' id='word_1_255' title='bbox 909 2594 939 2642; x_wconf 79' lang='lat' dir='ltr'><strong>et</strong></span> 
     </span>
     <span class='ocr_line' id='line_1_37' title="bbox 130 2658 941 2730; baseline -0.001 -17"><span class='ocrx_word' id='word_1_256' title='bbox 130 2660 260 2714; x_wconf 86' lang='lat' dir='ltr'><strong>Petronio</strong></span> <span class='ocrx_word' id='word_1_257' title='bbox 270 2662 450 2730; x_wconf 78' lang='lat' dir='ltr'><strong>Turpiliano,</strong></span> <span class='ocrx_word' id='word_1_258' title='bbox 469 2663 631 2715; x_wconf 83' lang='lat' dir='ltr'><strong>Consulari:</strong></span> <span class='ocrx_word' id='word_1_259' title='bbox 651 2664 714 2723; x_wconf 88' lang='lat' dir='ltr'><strong>ille.</strong></span> <span class='ocrx_word' id='word_1_260' title='bbox 732 2670 764 2715; x_wconf 94' lang='lat' dir='ltr'><strong>ut</strong></span> <span class='ocrx_word' id='word_1_261' title='bbox 774 2658 941 2729; x_wconf 84' lang='lat' dir='ltr'><strong>Nymphidii</strong></span> 
     </span>
    </p>
   </div>
   <div class='ocr_carea' id='block_1_7' title="bbox 0 0 1022 3025">
    <p class='ocr_par' dir='ltr' id='par_1_16' title="bbox 0 0 1022 3025">
     <span class='ocr_line' id='line_1_38' title="bbox 0 0 1022 3025; baseline 0 0"><span class='ocrx_word' id='word_1_262' title='bbox 0 0 1022 3025; x_wconf 95' lang='lat' dir='ltr'><strong> </strong></span> 
     </span>
    </p>
   </div>
  </div>
 </body>
</html>
