2034 3025
1 2445 3 2474 i

1 2489 3 2517 i

131 91 133 95 ’
159 116 196 169 oo
281 110 503 167 n‘uunurru
523 109 836 181 [A.v.7e9.s.c.1e.1

112 242 117 249 ·
156 220 223 283 mot,
242 218 287 286 qui
301 234 333 269 ne
349 216 444 269 bellum
461 217 618 276 tolerarent,
639 213 793 265 seditionem
803 213 969 266 induerint:

158 302 271 355 quornm
278 271 614 353 porronrostuou'lneribus
634 292 728 351 tergo,
745 298 813 349 poro
824 280 968 349 fluetibus

159 364 186 409 et
201 356 326 423 procellis
341 355 450 425 fructos
471 360 562 413 ortus,
580 351 693 422 infensis
707 366 816 401 rursum
831 349 970 415 hostibus,

158 424 275 477 aduersis
285 421 349 474 Diis
360 421 496 481 obiiciunt,
508 422 582 472 nulla
594 419 655 471 boni
665 436 723 487 spe:
741 421 852 471 classem
860 419 969 488 quippe

159 493 259 545 etauio
272 488 374 543 Oeeoni
390 489 527 557 quaesita,
547 506 580 540 ne
596 488 654 555 quit
664 486 831 539 uenientibus
840 504 970 540 occurre-

102 570 105 575 ’
158 570 211 623 ret,
231 579 263 613 ne
275 560 367 627 pulsos
378 566 530 626 premeret:
548 557 606 616 sed,
625 556 672 607 ubi
685 554 968 621 minuerint-manus,

125 641 136 678 .·
158 628 239 681 inune
259 627 336 679 vietis
356 636 495 679 ventorum
514 641 677 677 remorumve
696 624 850 677 omicidium.
873 626 970 677 merori-

159 697 260 749 no'tsent
270 698 344 747 ruodo
354 696 498 757 avaritiae,
518 694 697 757 crudelitatis,
713 692 869 761 superbire:
887 694 971 747 uliud

127 827 134 834 ,
159 764 212 829 eibi
222 764 365 832 reliquum,¹
383 780 462 832 quom
473 772 563 817 tenere
573 762 747 825 liberarem·
759 770 810 814 out
819 763 890 815 mori
900 772 968 816 ante

161 832 319 887 seruitium?

189 908 190 913 ’
211 902 285 955 XVI.
304 900 350 953 Sis
364 916 493 953 accensos
504 907 534 953 et
542 899 678 967 proelium
693 905 840 968 poscentes
849 901 879 951 iu
893 914 970 956 oam-

161 986 233 1038 purn,
245 972 288 1022 eui
299 969 443 1023 Idistaviso
453 985 563 1031 nomeu,
582 968 731 1020 deducunt
767 970 795 1019 ls
806 970 915 1020 medius
926 972 968 1021 in·

161 1046 205 1091 ter
214 1038 353 1106 Visurgim
365 1045 395 1091 et
404 1040 499 1102 solies,
515 1043 547 1088 ut
558 1039 635 1103 ripae
647 1037 769 1088 fluminis
779 1038 895 1100 cedunt,
916 1045 968 1090 aut

160 1108 346 1175 prominentia
361 1110 495 1159 montium
511 1108 655 1168 resistunt,
676 1105 858 1174 inaequaliter
872 1108 968 1159 sinuu-

159 1184 213 1228 tur.
231 1190 303 1243 pone
312 1182 421 1244 tergum
431 1176 591 1243 insurgebat
600 1175 676 1236 silva,
687 1176 769 1225 editis
778 1177 807 1226 in
817 1176 905 1227 altum
921 1193 965 1230 ru·

161 1248 222 1307 mis,
233 1252 261 1297 et
270 1260 341 1311 pura
351 1244 435 1297 humo
446 1248 520 1295 inter
528 1245 661 1294 arborum
672 1248 795 1296 truncos.
829 1246 966 1313 Campum

161 1321 191 1364 et
202 1316 289 1381 prima
300 1314 430 1365 silvarum
440 1314 560 1365 barbare
571 1314 643 1363 acies
652 1314 756 1363 tenuit:
766 1314 820 1363 soli
832 1313 967 1367 Cherusci

129 1414 130 1420 =
161 1384 226 1451 iuga
237 1384 375 1445 insedere,
395 1387 427 1433 ut
442 1373 642 1447 proeliantibus
654 1382 784 1432 Romanis
795 1384 915 1449 desuper
926 1386 968 1436 in*

163 1458 313 1505 currerent.
349 1452 453 1522 Noster
464 1452 602 1502 exereitus
616 1452 658 1500 sio
673 1452 797 1502 incessit:
815 1453 967 1506 auxiliares

163 1522 238 1574 Guili
250 1523 435 1589 Germanique
446 1523 473 1571 iu
485 1521 591 1571 fronte:
609 1523 672 1585 post
685 1535 754 1588 quos
765 1522 872 1587 pedites
882 1526 967 1591 sugit·

96 1603 98 1605 ’
163 1593 240 1642 terii:
262 1592 325 1642 dein
341 1589 465 1658 quatuor
473 1591 606 1656 legiones,
626 1594 656 1640 et
667 1604 726 1639 curn
739 1590 844 1641 duabus
854 1599 967 1657 praeto-

163 1661 211 1710 riis
226 1658 387 1711 cohortibus
402 1675 435 1713 ae
449 1658 558 1709 delecto
573 1658 666 1725 equite
683 1659 797 1710 Caesar:
816 1662 881 1726 exin
901 1665 968 1713 toti·

163 1729 229 1782 (iem¹
237 1729 309 1780 aliae
319 1727 443 1794 legiones
454 1733 482 1778 et
491 1727 559 1777 levis
574 1732 728 1788 armatura,
748 1742 809 1778 eum
814 1731 914 1796 equite
924 1747 967 1782 sa-

164 1798 291 1862 gittario,
312 1800 476 1862 ceteraeque
497 1794 635 1846 sociorum
656 1794 793 1848 cohortes.
839 1799 965 1851 intentus

164 1870 334 1932 paratusque
353 1863 442 1927 miles,
462 1869 493 1914 ut
513 1863 582 1915 ordo
603 1865 719 1932 agminis
737 1866 766 1915 in
786 1868 873 1919 eciem
894 1869 966 1921 adsi-

164 1938 260 1985 steret.
917 1980 921 1986 .

217 2001 305 2056 XVII.
323 2001 398 2055 Visis
410 1988 610 2054 Cheruscorum
627 2003 757 2063 catervis,
778 2008 850 2070 quoe
866 2018 918 2071 per
928 2005 966 2058 fe·

165 2071 269 2124 roeiarn
281 2078 475 2138 proruperant,
494 2072 679 2124 validissimos
691 2073 813 2137 equiturn
824 2074 966 2126 incurrere

135 2155 139 2162 ·
165 2141 247 2202 latus,
257 2139 592 2194 Stertiniumeumueteris
602 2141 700 2190 turmis
710 2142 899 2207 circumgredi,
909 2147 967 2195 ter·

165 2225 254 2278 gaque
266 2207 394 2261 invadere
406 2211 490 2272 iubet,
501 2212 560 2275 ipse
570 2209 599 2257 in
609 2214 734 2274 ternpore
744 2207 901 2260 adfuturus.
922 2212 965 2263 ln·

165 2288 242 2329 terea
252 2277 467 2345 pulcherrimum
478 2277 633 2344 augurium,
653 2284 716 2328 octo
731 2278 854 2343 aquilae·
870 2287 966 2346 petere

165 2346 248 2397 silrus
259 2352 287 2398 et
298 2349 500 2409 intremuisse,
520 2348 716 2410 Imperatorem
738 2347 890 2399 advertere.
919 2365 965 2400 ex·

166 2415 276 2479 eiuurat,
290 2415 376 2478 irent,
392 2420 567 2482 sequerentur
578 2412 714 2466 Romanos
724 2431 794 2478 noes,
805 2415 920 2483 proprio
929 2419 965 2469 le·

161 2483 272 2551 giorum
287 2482 414 2535 Numina.
433 2483 516 2538 simul
535 2482 672 2548 pedestris
692 2485 765 2534 acies
785 2485 918 2548 insertur,
935 2493 966 2537 et

164 2555 333 2618 praemissus
353 2567 436 2618 eques
456 2557 611 2616 postremos
628 2566 660 2601 ae
679 2544 769 2602 latera
788 2555 898 2619 inpulit:
916 2559 964 2606 mi·

164 2636 279 2694 rumque
290 2621 375 2683 dictu,
390 2619 445 2671 duo
455 2619 576 2672 hostium
587 2620 704 2686 agmine,
716 2621 824 2672 diuersa
834 2621 907 2691 fugo,
918 2625 965 2692 qui
