2034 3025
168 151 187 204 o
238 152 241 157 ·
290 146 883 227 sumturumv.7e7.n.c.14.11
952 98 974 124 R

97 256 103 261 ”
163 228 346 305 suffossam:
370 262 472 305 trucem
492 251 643 321 Agrippam
658 260 691 307 et
708 252 859 322 ignominia
877 272 966 309 accen-

168 338 226 382 tum
238 338 290 375 non
299 331 399 385 actore,
408 338 492 389 neque
502 338 593 373 rernm
603 320 780 389 experientia,
800 331 896 376 tantae
905 326 967 377 moli
1007 337 1009 344 ·

165 408 276 460 parcan:
299 388 437 444 Tiberium
452 388 586 443 Neronem
598 397 737 443 maturam
755 392 845 455 anais,
864 404 967 460 specta·

169 470 226 513 tum
241 460 319 523 lelio,
339 461 385 512 sed
397 468 486 511 cetere
502 468 583 527 atque
596 457 681 511 innita
692 457 823 513 Claudiae
837 462 967 542 familiae

151 554 156 569 ι
166 529 289 596 superbia
294 547 306 591 ‚·
325 531 460 595 multaque
470 527 572 580 indicia
582 526 722 593 saeuitiae,
737 546 790 598 qna
835 546 898 582 nam
904 548 967 601 pre-

165 608 285 661 mantur,
305 612 450 665 erumpere
485 595 567 649 Hunc
580 604 608 648 et
619 596 710 665 prima
725 598 760 650 ab
773 546 897 671 efficatia
908 602 969 652 etlu-

93 693 96 698 ·
165 676 238 721 etnrn
247 666 277 719 in
288 667 361 719 domo
371 664 542 746 regnatrice:
552 659 691 732 congestos
701 666 793 719 inoeni
802 670 969 731 consulatue,

150 734 329 803 *triumphose
348 752 381 788 ne
391 734 425 785 iet
435 732 647 801 paidemannit‚‘
663 734 757 801 quibas
766 734 865 800 anone,
879 738 970 805 <speeie

165 820 289 869 secessus,
299 804 416 857 exsatiem
426 802 523 870 egerit,
539 801 644 869 aliquid
652 804 813 870 pnamiram
823 814 851 857 et
860 805 970 859 tinnula

165 874 263 927 tionem
273 882 300 925 et
310 880 426 925 secretas
436 869 561 923 libidines
573 870 742 924 meditatam.
771 872 904 927 Accedere
914 892 971 927 rnu-

164 952 233 993 trem
243 941 367 995 muliebri
375 939 549 1008 impotentia:
570 940 734 993 serviendum
748 942 871 1013 feminae
877 981 886 1006 ,
906 945 971 995 dna·

164 1011 262 1076 hietque
275 1010 384 1078 increper
398 1008 626 1072 adulescentibus,
646 1010 693 1077 qni
706 1026 762 1063 rem
777 1011 917 1081 publicam
930 1013 969 1066 in-

163 1078 243 1130 terim
252 1087 386 1147 premant,
396 1076 552 1146 quandoque
562 1077 726 1130 distrahant.

218 1150 251 1200 V.
269 1148 348 1200 Haec
362 1153 444 1215 atque
460 1146 532 1197 talia·
544 1148 727 1213 agitantibus,
747 1161 910 1214 gravescere
925 1165 970 1202 aa·
1007 1182 1009 1185 >

104 1222 114 1239 ”
164 1216 260 1275 letudo
275 1218 404 1284 Augusti:
427 1222 454 1268 et
474 1216 587 1284 quidam
605 1216 696 1270 scelus
715 1218 812 1267 uxoris
827 1221 970 1284 suspecta·

164 1287 240 1336 bant.
277 1286 384 1352 Quippe
393 1299 489 1337 rumor
498 1286 656 1347 incesserat,
666 1300 769 1352 paueos
780 1291 845 1337 ante
856 1302 969 1340 menses

136 1402 137 1407 ,
162 1356 325 1422 Augustum,
342 1356 438 1407 electis
449 1354 566 1405 consciis
576 1359 605 1405 et
614 1357 715 1406 comite
725 1370 790 1417 uno,
810 1355 898 1407 Fabio
909 1358 969 1407 Ma-

109 1470 111 1473 .
161 1424 252 1487 ximo,
281 1423 438 1477 Planasiam
457 1428 566 1475 rectum
587 1423 623 1474 ad
641 1423 784 1475 visendum
803 1413 969 1491 Agrippeia:

134 1545 136 1550 ,
162 1488 266 1545 multas
290 1493 348 1546 illie
371 1494 510 1560 utrimque
531 1490 660 1544 lacrimas
680 1498 710 1545 et
726 1493 805 1560 signa
826 1496 970 1559 caritatis3

162 1578 293 1632 spemque
310 1577 344 1615 ex
357 1577 404 1623 eo,
425 1562 486 1614 lore
497 1567 530 1610 ut
539 1562 645 1612 iuvenis
660 1564 805 1628 penatibus
815 1565 858 1625 ari
870 1564 969 1615 redde·

162 1637 250 1683 retur.
287 1632 368 1695 Quod
377 1632 531 1682 Maximum
541 1632 622 1682 uxori
632 1632 754 1682 Marciae
769 1634 921 1696 aperuisse,
936 1633 971 1682 il-

162 1699 219 1750 lam
231 1701 337 1751 Liviae:
348 1713 463 1766 gnarum
475 1699 503 1748 id
514 1699 638 1750 Caesari:
650 1715 739 1766 neque
749 1699 837 1751 multo
848 1708 913 1767 post
923 1717 970 1754 ex·
1007 1720 1009 1767 ς

163 1769 266 1819 stiueto
276 1769 407 1831 Maximo,
419 1767 544 1830 (dubium
556 1781 590 1817 an
602 1770 728 1835 quaesita
738 1773 846 1830 morta)
856 1770 971 1821 auditos

161 1839 191 1888 in
210 1836 307 1892 funere
328 1838 387 1888 eius
406 1834 530 1888 Marciae
549 1839 677 1903 gemitus,
696 1843 786 1889 semet
804 1839 969 1904 incusantis,
1007 1848 1009 1856 ³

182 1905 235 1956 nod
242 1921 338 1957 caussa
349 1904 429 1958 exitii
438 1905 656 1976 ntoritofae'sset.
678 1907 866 1973 Vtcunquese
877 1922 912 1959 ea
921 1924 969 1960 res
1007 1929 1009 1946 =

162 1923 268 2037 {abuit
278 1976 390 2025 vixdum
399 1976 541 2042 ingressus
551 1974 696 2042 Illyricum
707 1975 850 2038 Tiberius,
869 1990 971 2043 prope·
1007 1976 1009 2021 ἱ

116 2079 117 2096 i
163 2045 203 2096 ris
223 2045 319 2094 matris
341 2044 442 2095 litteris
463 2045 581 2094 acuiturt
602 2058 691 2112 neque
708 2045 776 2094 satis
792 2051 971 2115 conspertum
1007 2046 1009 2079 ³

164 2117 221 2176 est,
241 2113 390 2178 spirantem
402 2111 491 2166 adhuc
500 2113 655 2181 Augustum
666 2113 739 2181 apud
749 2114 846 2177 urbem
859 2113 972 2178 Nolam,

162 2196 199 2232 an
220 2182 375 2234 exanimem
395 2184 542 2248 repererit,
569 2183 678 2234 acribus
697 2185 815 2249 namque
836 2183 972 2234 custodiis
1007 2202 1009 2205 ·

163 2251 276 2302 domum
296 2255 325 2303 et
343 2252 400 2302 vias
420 2255 547 2319 sepserat
565 2250 656 2303 Liria:
685 2250 807 2318 laetique
826 2252 972 2312 interdurn
1007 2281 1009 2331 ι

163 2321 252 2369 nuntii
263 2320 456 2387 vulgabantur,
471 2319 570 2382 donee,
581 2321 698 2386 provisis
709 2334 779 2387 quae
788 2325 898 2386 tempus
908 2335 972 2372 mo-

163 2389 256 2450 nebat,
276 2389 359 2438 simul
379 2390 527 2440 excessisse
545 2389 699 2457 Augustum
720 2393 749 2440 et
768 2403 861 2442 rerum
881 2391 971 2456 potiri
1007 2388 1009 2450 j

163 2455 312 2518 Neronem,
328 2456 403 2508 sama
412 2457 508 2508 eadem
520 2456 593 2508 tulit.
780 2502 783 2506 .
1007 2470 1009 2475 ’

216 2525 263 2577 Vl.
282 2525 404 2576 Primum
419 2524 526 2576 facinus
541 2528 606 2578 novi
620 2525 790 2592 principatus
804 2524 972 2579 luitPostu·
1007 2548 1009 2559 ν

164 2597 202 2644 mi
222 2594 359 2660 Agrippae
379 2593 489 2646 caedes:
515 2609 598 2662 quem
617 2597 745 2662 ignarum
763 2596 973 2664 inermumque,
1007 2642 1008 2649 ,

165 2663 289 2728 quamvis
307 2663 434 2728 firmatus
453 2664 560 2723 animo,
586 2665 712 2718 centurio
732 2678 816 2734 aegre
837 2663 971 2720 confecit
1007 2734 1009 2737 Ι
