2034 3025
108 132 113 139 ·
153 88 236 190 raes
273 74 833 190 tunsarum[areensem]
940 79 946 85 ’

149 226 218 276 tium
234 237 351 291 gnaros,
369 228 527 275 mutantem
541 222 883 290 mapalia'Tacfarinatem
893 242 965 295 pro·

149 294 260 345 turbat:
280 292 380 356 donec,
399 291 489 344 tratre
498 293 558 344 eins
568 298 660 359 capto,
674 306 819 361 regressus
830 300 881 361 est,
892 311 963 365 pro·

151 361 296 430 parentius
310 366 414 424 tamen,
433 376 517 429 qaam
532 376 567 414 ex
581 362 705 417 utilitate
718 365 871 431 sociorum
892 366 963 418 reli-

143 432 286 497 ,etiamr
300 430 662 498 quosresnrgeretbellum.
698 430 960 503 SetlTiberinspro

149 499 280 553 coniecto
289 500 504 566 interpretatus,
523 500 552 551 id
563 514 672 567 quoque
681 500 782 555 Blaeso
793 504 906 567 tribuit,
925 509 962 557 ue

149 568 305 637 Imperator
319 582 338 619 a
351 568 506 636 legionibus
515 568 700 634 salutmetur3
719 572 810 636 prisco
821 586 889 640 erga
899 572 962 623 Du-

150 652 196 691 ces
215 637 335 700 bonore,
353 639 405 705 qni·
420 638 491 690 bene
508 642 590 705 gesta
603 638 671 704 Rep.
686 640 788 705 gaudio
803 645 832 693 et
850 643 961 709 impetu

32 756 35 759 ,
149 708 265 759 victoris
281 709 420 758 exercitus
435 706 694 759 conclamabanture
712 715 846 778 erantque
859 709 960 776 plures

151 776 233 827 simul
244 776 437 841 Imperatores,
449 791 508 828 -nec
528 789 612 842 super
630 780 786 829 ceterorum
807 779 960 845 aequalita-

150 852 217 897 tem.
226 844 364 898 concessit
374 844 539 913 quibasdam
549 849 578 917 et
586 847 727 915 Augustus
736 845 767 899 id
776 846 958 911 vocabulum3

150 928 185 967 ac
195 922 262 967 tnnc
272 914 401 967 Tiberim
410 914 512 966 Blaeso
521 919 701 980 postremum.

202 1014 310 1069 LXXV.
329 1016 432 1069 Obiere
443 1030 476 1067 eo
485 1029 560 1068 anuo
571 1018 621 1068 viri
632 1017 774 1084 inlustres,
783 1018 898 1071 Asinius
908 1016 958 1071 Sa·

150 1085 271 1151 loninus,
290 1086 330 1137 M.
339 1086 461 1153 Agrippa
476 1090 506 1137 et
520 1084 647 1138 Pollione
665 1086 760 1139 Asinio
781 1089 847 1151 avis,
867 1086 957 1140 fratre

150 1155 254 1219 Druso,
263 1155 388 1223 insignis,
399 1156 566 1221 caesarique
576 1169 714 1223 progener
723 1156 886 1209 destinatus.
919 1156 958 1207 lit

152 1225 251 1292 Capito
261 1225 370 1287 Ateius,
393 1223 428 1276 de
438 1237 493 1291 quo
503 1224 654 1277 memoravi
661 1260 670 1288 ,
690 1224 844 1293 Principem
854 1226 883 1276 in
892 1225 957 1276 civi·

151 1300 212 1345 tate
223 1292 316 1345 locum
331 1292 431 1343 studiis
445 1293 570 1348 civilibus
586 1293 747 1358 adsecutum
767 1296 816 1348 sed
827 1310 876 1347 avo
888 1294 958 1349 Cen·

151 1364 264 1415 tutione
282 1360 412 1425 Sullano,
430 1367 510 1428 patre
531 1360 684 1415 Praetorio.
730 1363 911 1417 Consulatum
930 1362 958 1413 ei

152 1432 362 1485 adceleraverat
370 1433 519 1498 Augustus,
533 1436 565 1481 ut
574 1431 733 1484 Labeonem
743 1434 902 1496 Antistium,
911 1432 959 1481 iis-

153 1502 215 1554 dem
236 1502 343 1554 artibus
361 1498 595 1570 praecellentem,
614 1500 774 1570 dignatione
795 1503 853 1555 elus
873 1500 959 1569 magi·

153 1577 258 1623 strabus
268 1573 397 1624 anteiret.
415 1570 544 1638 Namque
554 1569 604 1622 illa
613 1578 691 1623 aetas
701 1570 757 1622 dun
768 1569 844 1636 pacis
855 1571 957 1623 decora

152 1640 237 1699 simul
246 1639 319 1692 tulit.
343 1639 393 1691 sed
403 1639 499 1692 Labeo
509 1640 672 1706 incorrupta
681 1639 824 1702 libertate,
844 1645 872 1690 et
883 1639 917 1691 ob
927 1638 957 1690 id

152 1709 238 1771 lama,
253 1709 434 1760 celebratior:
454 1707 597 1772 capitonis
612 1703 775 1773 obsequium
792 1706 958 1759 domnana-

152 1777 205 1827 bus
215 1776 304 1843 m'agi
315 1775 490 1842 probabatur.
527 1774 583 1837 llli,
605 1774 679 1842 quod
698 1774 862 1827 Praeturam
882 1774 956 1828 intra

152 1845 243 1906 stetit,
255 1843 458 1896 commendatio
469 1856 504 1893 ex
514 1843 630 1904 iniuria3
649 1841 722 1904 huic,
737 1842 812 1908 quod
824 1843 955 1897 Consula-

151 1919 212 1964 tum
222 1912 340 1980 adeptus
350 1917 402 1974 est,
412 1911 506 1963 odium
518 1925 551 1963 ex
561 1911 665 1964 invidia
675 1911 827 1963 oriebatur.

204 2013 334 2069 Lxxvl.
351 2016 390 2067 Et
398 2014 478 2067 lunia
487 2012 661 2081 sexagesimo
671 2017 771 2083 quarto
783 2019 846 2080 post
856 2013 957 2082 Philip-

153 2098 268 2155 pensem
278 2085 366 2137 aciem
377 2098 459 2147 anno,
469 2095 626 2148 supremum
633 2082 705 2135 diem
712 2083 842 2149 explerit,
853 2084 955 2138 Catone

153 2154 289 2208 avunculo
299 2155 402 2221 genite,
412 2153 443 2204 C.
455 2151 542 2207 cassii
553 2166 633 2215 uxor,
648 2153 687 2206 Μ.
698 2152 877 2206 Brutisoror.
903 2154 955 2206 Te·

153 2230 320 2276 stamsntnm
341 2225 405 2285 eius¹
420 2221 509 2274 multo
530 2221 603 2287 apud
622 2221 735 2291 vulgum
755 2237 869 2275 rumore
889 2219 955 2284 lult3

154 2294 233 2362 quia,
251 2293 281 2343 in
290 2294 398 2360 magnis
408 2292 515 2358 opibus,
533 2305 595 2342 cum
606 2289 694 2344 ferme
704 2297 817 2344 cunctos
828 2305 955 2358 proceres

100 2376 218 2435 ⁴meum
227 2359 335 2419 bonore
344 2361 552 2423 nominavisset,
562 2359 710 2418 Gaesarem
721 2363 823 2414 omisit.
839 2360 912 2429 quod
922 2361 956 2413 ci·

119 2431 250 2492 palntes
258 2436 414 2497 acceptumt
432 2445 523 2498 neque
534 2426 682 2497 probibuit,
697 2445 751 2497 quo
763 2431 854 2482 minas
864 2429 956 2482 lauda·

119 2503 230 2562 niuione
238 2505 289 2568 pro'
299 2501 400 2552 rostris
410 2501 566 2568 ceterisque
575 2499 737 2551 solennibus
747 2499 831 2552 funus
842 2497 955 2552 cohone-

118 2575 284 2646 gmnnretur.
318 2567 425 2638 Viginti
444 2570 659 2622 clarissimarum
676 2565 846 2621 familiarum
863 2570 953 2637 imagi-

117 2649 159 2700 ειη
168 2639 352 2704 iltutelatae
360 2647 437 2709 sunt,
446 2639 558 2708 Manlii,
569 2637 701 2708 aulnetii,
714 2639 825 2709 aliaque
835 2637 954 2694 eiusdem
