2034 3025
118 140 251 213 bladii.
264 144 474 199 canai-23.
494 144 778 218 [A.v.823.a.c.70.]
816 148 864 203 12⁷

58 318 98 378 vi,
117 327 181 366 cum
191 314 307 365 delectis
316 311 507 378 popularium,
527 308 641 376 primori
657 309 684 358 in
700 310 759 359 acie
774 322 875 361 versa-¹

57 388 200 507 baniillri'll.
236 452 272 503 At
281 450 446 503 Vitellianus
456 450 597 501 exercitus
603 483 612 511 ,
632 447 675 497 cui
686 448 865 514 adquiescere

59 526 212 577 cremonae
221 527 259 584 et,
268 522 431 586 reciperatis
440 520 501 570 cibo
513 532 666 585 somnoque
677 518 790 580 viribus,
801 532 864 569 con·
950 538 959 545 ·

57 594 160 646 sectum
173 590 270 657 algore
279 595 363 657 atque
377 589 470 639 inedia
483 587 606 649 hostem,
627 591 738 652 postera
748 587 792 639 die
803 600 865 653 pro-

36 677 43 686 *
56 662 155 730 ssigare
166 676 199 710 ac
208 673 343 725 proruere
352 657 425 708 ratio
435 657 500 708 fuit:
521 657 633 723 indigus
644 657 769 718 rectoris,
785 658 865 723 inops

57 729 176 790 consilii,
185 729 271 779 tertia
281 727 469 778 fermenoctis
479 724 741 791 hora,paratisiam
751 726 865 791 disposi-

57 802 148 866 tisque
158 798 298 849 Flavianis
308 796 470 863 inpingitur.
506 796 637 846 Ordinem
647 795 772 862 agminis,
784 794 865 847 disie-

58 871 98 920 cti
117 882 169 933 per
188 868 257 917 iram
279 882 312 918 sc
331 866 473 929 tenebras,
501 865 667 916 adseverare
680 878 741 919 ,non
762 866 863 917 ausim:

58 950 226 1004 quamquam
246 934 295 985 alii
315 936 495 995 tradiderint,
513 942 641 998 quartam
661 932 865 987 Macedonicam

58 1006 153 1057 dextro
174 1020 284 1056 suarem
294 1019 394 1056 cornu:
412 1002 545 1067 quintam,
562 1010 590 1052 et
600 1001 865 1067 quintamdecimam,

57 1090 119 1126 cum
129 1074 233 1125 uexillis
242 1089 328 1124 manae
338 1072 520 1134 secundaeque
535 1079 562 1121 et
572 1068 712 1122 vicesimae
722 1070 866 1129 Britanni·

58 1158 154 1195 carum
164 1141 308 1209 legionum,
318 1138 432 1192 mediam
442 1139 527 1190 aciem
532 1156 544 1200 ,·
563 1138 793 1193 sextadecimanos
803 1143 867 1193 duc·

59 1210 312 1275 etaicesimanasque
323 1217 349 1260 et
357 1206 498 1275 priamum
507 1210 611 1260 laecum
620 1223 705 1261 cornu
717 1213 866 1277 complesse.

58 1282 183 1347 Rapaces
199 1287 285 1346 atque
298 1279 389 1329 ltalici
404 1279 530 1330 omnibus
545 1294 575 1328 se
590 1280 738 1345 manipulis
752 1283 868 1331 miscue-

60 1356 134 1400 rant.
170 1351 264 1415 Eques
273 1347 435 1413 auxiliaque
444 1348 496 1398 sibi
505 1347 559 1413 ipsi
570 1348 660 1398 locum
674 1348 868 1415 legere-Prae·
880 1350 890 1365 ¹

59 1420 130 1469 lium
140 1423 200 1467 tota
210 1418 418 1476 nocterarium,
428 1429 539 1481 anceps,
549 1420 643 1477 atrox3
655 1413 698 1465 his
704 1454 713 1480 ,
728 1432 824 1467 rursus
834 1419 867 1468 il·

59 1488 104 1549 lis,
124 1486 273 1537 exitiabile.
308 1483 384 1535 Nihil
404 1486 521 1547 animus,
542 1490 591 1536 aut
611 1499 717 1550 manus,
738 1502 772 1539 ne
794 1488 867 1540 oculi

62 1555 172 1624 quidem
184 1554 296 1620 provisu
305 1553 444 1603 iuvabant.
467 1554 564 1605 eadem
576 1569 694 1622 utraque
706 1558 765 1608 acie
775 1572 866 1610 arma.
933 1561 938 1573 '

62 1625 168 1677 crebris
178 1623 542 1691 interrogationibusnotum
554 1638 663 1691 pugnae
673 1626 869 1692 signumzper-

62 1696 151 1748 mixta
160 1693 276 1757 vexilla,
296 1693 454 1759 utquisque
468 1693 581 1758 globus,
601 1699 681 1759 capta
690 1710 724 1745 ex
733 1694 869 1760 hostibus,
915 1696 923 1703 ‘

62 1765 118 1818 buc
128 1763 172 1816 vol
185 1763 254 1814 illuc
268 1762 406 1829 raptabat.
442 1761 603 1829 Vrgebatur
616 1766 735 1816 maxime
749 1761 870 1830 septima

61 1836 146 1903 legio,
166 1849 256 1900 nuper
270 1832 388 1884 aGalba
403 1833 569 1898 conscripta.
605 1833 693 1885 Occisi
709 1849 758 1886 sex
768 1835 870 1899 primo·

62 1920 124 1970 rum
137 1904 264 1955 ordinum
280 1903 475 1953 Centuriones:
495 1902 612 1968 abrepta
626 1903 761 1968 quaedam
776 1905 869 1970 signa:

63 1976 149 2040 ipsam
161 1969 281 2040 aquilam
291 1972 392 2024 Atilius
403 1969 498 2032 Verus,
507 1972 640 2037 primipili
651 1973 791 2037 Centurio,
800 1973 870 2025 mul·

63 2050 93 2094 ta
103 2058 164 2092 cum
173 2041 294 2093 bostium
305 2047 408 2108 strage,
420 2040 493 2092 etad
503 2045 659 2092 extremum
669 2045 800 2108 moriens,
813 2059 869 2095 ser·

64 2117 192 2162 ravenate

115 2179 216 2233 xxni.
251 2175 634 2245 Sustinuitlabantemaciem
645 2182 869 2244 Antonius,acci-
922 2202 926 2210 ·

65 2253 102 2302 tis
112 2249 311 2301 Praetorianis.
348 2252 404 2316 qui,
419 2251 466 2300 ubi
476 2265 611 2317 excepere
623 2267 750 2318 pugnam,
760 2251 869 2318 pellunt

65 2319 183 2382 hostem,
193 2318 255 2369 dein
268 2319 417 2384 pelluntur.
453 2319 579 2387 Namque
593 2320 736 2373 Vitelliani
748 2325 869 2372 tormen·

63 2398 96 2441 ta
105 2392 132 2439 in
144 2403 273 2456 aggerem
284 2389 345 2439 viae
360 2387 550 2452 contulerant,
569 2396 600 2441 ut
616 2390 674 2441 tela
688 2405 774 2441 vacuo
786 2395 869 2456 atque

64 2465 163 2526 aperto
173 2463 377 2520 excuterentur,
396 2458 521 2524 dispersa
531 2461 621 2526 primo
632 2464 661 2512 et
670 2460 799 2521 arbustis,
809 2461 868 2510 sine

65 2528 186 2580 hostium
196 2541 279 2589 noxa,
300 2527 390 2578 inlisa
426 2528 620 2596 Magnitudine
636 2529 737 2579 eximia
748 2529 869 2594 quintae·

3 2594 7 2603 '
65 2599 189 2650 decimae
204 2597 322 2664 legionis
336 2596 452 2661 balista,
477 2598 635 2666 ingentibus
650 2595 725 2646 saxis
739 2596 866 2647 hostilem

65 2669 151 2719 aciem
163 2667 322 2734 proruebat
358 2668 469 2736 lateque
479 2668 584 2720 cladem
596 2667 762 2721 intulissent.
772 2668 799 2715 ui
811 2666 867 2717 duo
