2034 3025
235 107 672 171 nranoeusoarmn.
801 110 849 167 au
929 180 930 187 Ν

18 293 81 343 pro
96 277 290 343 antiquorum
306 276 388 334 laude
400 275 585 334 concordiam.

83 346 161 397 Non
173 347 260 408 enim,
276 346 366 413 inquit
374 344 457 410 Aper,
472 342 627 396 inauditum
637 350 666 397 et
677 316 852 399 indefensum
893 372 899 383 r

21 416 190 464 saeculum
209 420 336 465 nostrum
355 410 519 481 patiar'bac
533 417 627 465 restra
644 416 852 483 oonspiratione

23 483 184 533 damnari.
208 481 264 535 Sed
273 482 326 534 hoo
336 485 455 549 primum
465 482 656 549 interrogabo,
667 496 736 549 quos
746 486 853 535 vocetis

25 551 190 617 antiquos,
211 566 292 617 quam
314 558 464 603 oratorum
479 555 601 603 aetatem
623 552 782 621 signatione
798 554 853 621 ista

27 620 264 671 determinetis?
288 622 350 687 Ego
361 622 435 672 enim
446 635 507 670 cum
518 619 601 679 audio
612 622 755 687 antiquos,
773 636 852 686 quos·

29 688 103 737 dam
115 693 237 750 veteres
248 695 277 742 et
288 688 354 741 olim
365 694 447 744 natos
458 689 603 757 intelligo;
622 704 654 743 ao
664 688 732 748 mihi
742 704 853 753 ¹versan-

30 760 94 807 tur‘
107 759 183 810 ante
204 758 299 811 oeulos
317 757 434 825 Vlysses
455 764 485 810 et
502 758 620 821 Nestor,
638 773 754 825 qnorum
775 764 853 809 aetas

33 824 121 876 mille
139 823 204 877 iere
217 837 251 888 et
261 828 334 879 CCC.
345 830 427 882 annis
442 827 584 891 saeculum
600 836 726 879 nostrum
739 828 853 879 antece·

34 894 95 944 dit:
115 910 171 945 vos
183 902 276 947 autem
288 894 507 948 Demosthenem
521 902 549 947 et
560 896 732 963 Hyperidem
744 894 854 964 profer-

34 964 87 1025 tis,
99 978 175 1030 quos
186 967 257 1016 satis
267 971 379 1017 constat
388 963 509 1031 Philippi
521 970 550 1016 et
560 962 710 1020 Alexandri
722 966 854 1031 tempori·

35 1032 95 1083 bus
110 1032 259 1084 floruisse:
277 1036 317 1085 ita
331 1039 440 1094 tamen,
458 1039 491 1081 ut
504 1035 618 1149 utrirpue
633 1036 801 1099 superstites
814 1046 854 1085 es·

38 1105 119 1151 sent.
128 1102 175 1151 Ex
186 1117 241 1168 quo
252 1100 378 1167 adparet,
390 1114 444 1150 non
455 1102 545 1151 multo
557 1116 573 1167 p
586 1115 661 1163 uros,
673 1116 754 1165 quarn
767 1103 854 1153 CCCC

42 1184 137 1219 annos
154 1166 293 1221 interesse
309 1171 382 1222 inter
396 1173 522 1221 nostram
533 1174 562 1219 et
572 1166 770 1221 Demosthenis
776 1178 855 1237 aeta-

43 1244 115 1289 tem.
134 1238 210 1305 quod
221 1240 342 1305 spatium
354 1238 501 1303 temporis,
513 1239 536 1289 si
547 1238 582 1305 ad
593 1235 786 1291 infirmitatem
797 1255 856 1291 cor-

46 1306 150 1371 poruin
162 1313 323 1360 nostrorum
332 1306 450 1368 reserata,
461 1307 582 1359 fortasse
592 1306 706 1372 longum
714 1308 855 1367 videatur3

47 1376 73 1423 si
84 1372 121 1424 ad
132 1373 263 1428 naturam
275 1376 451 1437 saeculorum
464 1383 493 1438 et
502 1380 660 1442 respectum
677 1376 797 1429 inmensi
808 1374 855 1427 hn-

48 1442 93 1493 ius
105 1444 178 1508 aevi,
195 1460 328 1514 perquam
339 1439 423 1498 breve
435 1450 465 1497 et
475 1445 503 1495 in
515 1446 642 1515 proximo
653 1450 704 1496 est.
740 1445 810 1498 Nam
821 1447 855 1506 si,

49 1518 84 1561 ut
94 1513 192 1566 Cicero
203 1518 231 1566 in
242 1516 396 1568 Hortensio
410 1516 518 1578 scribit,
532 1514 555 1566 is
565 1522 605 1566 est
616 1531 731 1584 magnus
743 1525 768 1566 et
779 1529 855 1565 verne

52 1597 153 1648 annito,
171 1598 221 1650 qno
232 1585 321 1637 eadem
327 1582 429 1651 positio
438 1583 505 1637 coeli
514 1582 697 1652 siderumque,
718 1599 855 1652 quaecum

53 1651 167 1704 maxime
178 1661 227 1716 eet,
241 1669 351 1705 rursum
361 1654 482 1713 exsistet,
494 1653 569 1772 itqge
579 1668 666 1705 annua
677 1649 780 1714 borum,
791 1667 855 1718 quor
926 1692 928 1697 .

54 1736 102 1773 not
111 1737 239 1784 vocannn,
255 1739 386 1775 asinorum
396 1719 460 1774 ΧΠ
467 1721 526 1772 MD
627 1783 630 1794 Ι

57 1798 120 1852 tnr,·
136 1793 234 1858 incipit
245 1790 450 1843 Demosthenes
460 1797 562 1854 vester,
577 1804 719 1856 quem-ros
729 1795 854 1842 veterem

58 1864 87 1912 et
97 1861 238 1926 antiquum
254 1860 379 1929 tingitis,
398 1875 454 1912 non
469 1859 559 1911 solnm
576 1857 675 1912 eodem
692 1873 780 1922 armo,
799 1873 854 1925 quo
948 1901 952 1909 .
971 1851 974 1862 ¹

59 1943 119 1992 nos,
136 1930 184 1980 sed
194 1929 255 1982 fero
266 1930 365 1983 eodem
375 1943 473 1982 mense
484 1929 638 1981 exstitisse.
681 1961 684 1966 ,

66 1997 70 2003 ’
108 1998 193 2052 xvir.
212 1998 268 2059 sed
282 2007 397 2052 transeo
409 1997 445 2052 ad
455 1996 571 2051 Latinos
588 2003 731 2062 oratores,
751 1999 780 2048 in
796 1997 855 2066 qni-

60 2069 112 2118 bus
120 2082 172 2118 non
183 2070 354 2131 Menenium,
374 2073 499 2136 utputo,
519 2066 679 2134 Agrippam,
699 2069 749 2135 qui,
759 2070 855 2134 potest

62 2135 145 2195 rideri
155 2139 294 2206 antiquus,
313 2144 474 2192 nostrorum
484 2143 641 2210 temporum
652 2125 766 2188 disertis
778 2142 854 2191 ante·

64 2223 161 2276 ponere
174 2208 290 2266 soletis:¹
302 2209 352 2260 sed
361 2209 524 2262 Ciceronem
542 2213 571 2258 et
582 2209 731 2276 Caesarem
747 2209 777 2256 et
788 2207 854 2256 Coe·

64 2279 127 2330 tium
142 2286 168 2332 et
178 2279 287 2330 Calrum
304 2284 334 2330 et
344 2279 462 2331 Brutum
478 2285 507 2332 et
517 2277 642 2330 Asinium
654 2282 683 2328 et
694 2275 852 2326 Messalam.

67 2363 129 2416 quos
140 2348 245 2416 quidem
257 2350 441 2418 estantiquis
452 2347 625 2416 temporibus
639 2343 734 2413 p'otius
750 2343 852 2396 adseri-

66 2419 142 2482 batis,
151 2435 228 2487 quam
239 2419 355 2482 nostris,
367 2434 424 2470 non
433 2420 524 2470 video.
544 2430 618 2479 nam,
629 2421 661 2467 nt
672 2413 705 2466 de
717 2413 852 2464 Cicerone

69 2490 123 2556 ipso
130 2487 232 2557 loquar,
243 2488 338 2539 Hirtio
350 2503 448 2554 nempe
460 2493 490 2539 et
499 2485 591 2538 Pansa
601 2500 683 2548 coss,
699 2488 731 2534 ut
742 2483 810 2533 Tiro
820 2481 852 2530 li-

70 2559 154 2610 bertus
168 2559 224 2610 eius
238 2559 365 2625 scripsit,
384 2554 435 2608 vu
450 2555 515 2609 idus
528 2554 659 2608 Decemb.
676 2554 783 2603 occisus
799 2555 853 2612 est,

12 2664 23 2682 η.
72 2643 119 2696 quo
134 2643 198 2681 anno
209 2627 244 2680 D.
254 2627 397 2696 Augustus
412 2627 442 2679 in
455 2627 546 2678 locum
554 2624 665 2694 Ransae
681 2627 709 2676 et
718 2620 805 2674 Hirtii
822 2633 853 2672 se

785 2883 793 2902 b

880 2937 1008 3018 *fl

557 1703 922 1786 CCCLIVcornplectistfl
1007 1697 1008 1708 ³
