2034 3025
146 117 185 175 14
263 93 826 193 anuinium[avenacia]
917 127 922 132 ·

145 227 254 277 Circum
267 225 427 294 triumphali
438 214 515 279 reste
525 233 683 279 uterentur:
702 243 786 280 curru
796 228 945 283 vehi-baud

143 297 315 361 permissum.
350 310 417 358 mox
431 290 590 347 -'celebratio
614 312 708 348 annua
726 297 763 349 ad
781 298 943 353 Praetorem
1006 333 1008 348 ;

142 364 292 428 translata,
312 366 356 416 cui
374 366 448 417 inter
467 367 542 416 cives
560 370 591 417 et
608 367 771 434 peregrinos
789 368 943 421 iurisdictio

143 434 291 485 euenisset.
584 462 586 471 ·
899 441 929 460 ’“

194 501 267 555 XVI.
286 504 437 567 llicrerum
447 502 618 555 urbanarum
628 507 718 555 status
728 508 799 567 erat,
807 519 869 555 cum
877 504 944 558 Pan·

141 573 258 623 ironicas
271 572 396 638 legiones
411 572 512 623 seditio
527 573 653 636 incessit3
676 572 761 624 nullis
774 575 855 625 novis
870 589 946 625 caus

142 642 194 705 sis,
213 642 267 691 nisi
283 640 357 706 quod
372 646 495 691 mutatus
504 642 631 707 princeps
640 642 782 693 licentiam
790 642 945 707 nnbamm,

138 714 173 759 et
188 724 222 759 ex
232 710 306 765 cirili
315 709 475 775 bello-spem
486 712 673 775 praemiorum
685 710 861 763 ostendebat.
898 712 945 763 Ca-

111 800 113 803 ·
142 779 208 828 stris
224 780 336 830 aestivis
351 784 409 829 tres
420 780 502 829 simul
511 779 637 845 legiones
647 778 835 842 habebantur,
844 783 947 845 praesi-

142 845 227 897 dente
237 846 315 898 lunio
327 847 443 900 Blaesos
463 850 523 914 qui,
536 850 592 900 tine
601 851 718 916 Augusti
729 854 758 900 et
766 851 854 901 initiis
865 850 947 901 Tibe·

140 916 177 965 rii
187 916 299 979 auditis,
314 916 349 968 ob
359 918 495 967 iustitium
506 925 555 968 aut
564 917 696 984 gaudium
706 920 896 972 intermiserat
905 929 947 970 so·

140 982 193 1035 lita
202 985 305 1035 munia.
340 984 382 1037 Eo
394 988 528 1052 principio
538 987 666 1037 lascivire
676 988 765 1051 miles,
776 986 947 1050 discordare,

130 1046 257 1120 'pessimi
272 1056 403 1119 cuiusque
417 1055 591 1106 sermonibus
606 1055 741 1120 praebere
756 1071 852 1118 aures,
872 1056 947 1109 deni·
1005 1107 1007 1114 ,

142 1136 196 1192 que
210 1122 306 1173 luxum
321 1126 451 1174 etotium
467 1138 581 1189 cupere,
600 1123 772 1190 disciplinam
783 1130 813 1176 et
821 1123 947 1177 laborem

143 1190 315 1257 adspernari.
350 1190 422 1243 Erat
429 1190 458 1242 in
470 1194 568 1243 castris
578 1191 746 1247 Percennius
757 1193 882 1261 quidam,
892 1194 949 1247 dux

143 1260 211 1312 olim
230 1259 411 1313 theatralium
429 1275 593 1326 operarum,
611 1260 677 1312 dein
695 1264 839 1329 gregarius
858 1264 949 1327 miles,

142 1344 248 1397 procax
261 1330 372 1398 lingua,
397 1335 426 1381 et
439 1333 558 1387 miscere
572 1328 840 1400 coetus-histrionali
853 1331 949 1384 studio

144 1395 249 1452 doctus.
284 1399 312 1451 Is
322 1402 465 1466 imperitos
477 1400 598 1460 animos,
617 1405 658 1462 et,
678 1414 814 1465 quaenam
824 1407 887 1465 post
896 1402 950 1454 Au-

144 1474 255 1536 gustum
266 1470 383 1522 militiae
394 1468 527 1532 conditio,
533 1467 715 1536 ambigentes,
720 1468 863 1537 impellere
873 1470 955 1538 paul:

142 1537 222 1589 latim
232 1541 374 1591 nocturnis
385 1536 547 1608 conloquiis,
557 1537 688 1591 auttlexo
698 1540 728 1591 in
738 1554 882 1606 vesperam
892 1539 948 1604 die,

145 1613 188 1671 ct,
199 1607 311 1674 dilapsis
321 1608 491 1672 melioribus,
497 1608 677 1662 deterrimimi
688 1623 825 1675 quemque
835 1623 949 1675 congre-

98 1737 102 1745 ,
143 1675 218 1744 gare.
255 1677 415 1740 Postremo,
439 1679 573 1745 promptis
597 1680 654 1729 iam
673 1683 704 1730 et
722 1678 786 1730 aliis
803 1678 949 1730 seditionis

108 1799 110 1806 ,
143 1747 290 1808 ministris,
301 1747 378 1818 velut
388 1746 633 1798 concionabundus
643 1747 849 1814 interrogabat:

121 1839 124 1844 ,
195 1813 283 1866 XVII.
305 1809 363 1866 Cirr
372 1813 471 1882 pauca
485 1815 699 1880 centurionibus,
709 1815 887 1884 paucioribus
896 1816 949 1868 tri-

142 1881 234 1946 bunis,
244 1882 387 1936 innodans
396 1887 532 1938 servorum
543 1884 697 1938 obedirent?
715 1886 949 1952 quandoausuros

143 1965 284 2018 exposcere
290 1951 416 2017 resnedia,
421 1953 475 2006 nisi
481 1970 577 2006 nonunt
587 1962 615 2005 et
624 1963 767 2008 nutantem
777 1953 865 2007 adbuc
870 1955 948 2022 prin·

142 2019 228 2087 cipern
238 2020 365 2086 precibus
379 2025 421 2074 nel
433 2023 517 2074 armis
527 2023 656 2078 adirent?
673 2023 742 2076 satis
748 2039 800 2091 per
810 2032 853 2076 tot
862 2041 949 2077 annos

141 2088 255 2158 ignavia
271 2100 426 2157 peccatum,
446 2092 518 2158 qnod
529 2091 634 2145 tricena
647 2100 699 2145 aut
711 2093 886 2162 quadragena
901 2094 951 2146 sti

138 2158 241 2228 pendia
255 2172 341 2224 senes,
361 2169 389 2214 et
398 2161 523 2228 plerique
535 2169 663 2213 truncato
678 2178 713 2214 ea
726 2161 881 2215 uulneribus
890 2180 951 2216 car·

140 2241 206 2296 pore
212 2264 220 2292 ‚
231 2229 355 2284 tolerent.
383 2245 416 2282 ne
426 2229 543 2286 diinissis
553 2229 658 2296 quidem
661 2229 748 2300 finem
757 2246 812 2284 esse
821 2230 951 2296 militiae,

141 2295 189 2348 sed
201 2298 276 2365 apud
282 2297 409 2352 senilium
418 2306 550 2363 retentos,
564 2297 619 2351 alio
628 2299 756 2351 vocabulo
766 2301 867 2352 eosdem
876 2302 950 2354 labo·

26 2370 48 2404 '-
85 2425 93 2440 ν
142 2369 334 2441 resperserre:
348 2385 381 2420 ac
391 2368 485 2450 siquis
495 2377 538 2420 tot
547 2382 626 2436 casus
634 2367 693 2420 nita
704 2369 948 2437 superareriqtsa·
970 2428 975 2434 ,

142 2433 268 2496 biadbuc
280 2437 552 2501 discriminamus,
570 2435 630 2502 abi,
642 2454 693 2506 per
722 2456 797 2492 omen
806 2456 948 2510 agrorum,

142 2505 261 2577 uligines
266 2504 687 2576 paludunspelincultasnontium
710 2508 837 2576 eripiant.
852 2511 948 2564 Enim·

69 2577 73 2582 “
141 2592 204 2638 nero
223 2575 349 2634 ntiiitiasn
364 2576 597 2647 ipsom'graresn,
624 2577 844 2651 infructuosam&
872 2582 948 2635 denis
1006 2588 1007 2593 ’

142 2646 172 2702 s'n
187 2648 256 2704 diem
271 2646 375 2704 assibus
391 2647 509 2704 oninium
519 2655 652 2718 eteospus
663 2647 813 2704 mninsari.
832 2648 896 2706 binc
905 2668 948 2706 oe—
