2034 3025
87 114 481 169 iunxiscnrns-uo.
500 116 649 186 [nvem.
665 120 804 192 s.c.54.]
821 123 876 179 m

67 224 151 274 nium
170 224 287 290 accepit.
323 221 415 292 thue
435 225 539 276 studiis
555 222 683 277 bonutis
698 234 728 278 et
743 229 876 296 eloquet-

67 293 129 343 tiae
149 292 241 358 gloria
260 293 426 355 nitesceret,
454 308 555 346 eoussn
573 294 716 348 iliensium
736 303 877 364 sumpts,

66 357 224 412 Romanum
238 359 322 412 Trois
333 361 480 424 densissime,
498 371 526 414 et
537 361 624 414 lutiae
634 363 729 431 stirpis
738 373 877 418 auctorent

67 429 200 492 Aeneam,
221 430 332 498 altaque
342 427 416 482 bend
427 433 526 498 proeni
536 431 638 484 inbutis
648 431 876 486 vetereseeunds

67 505 231 560 exsecutus,
242 505 396 566 perpetrat,
411 509 442 552 ut
452 499 563 552 Ilienses
571 501 758 568 omnipotens
767 516 877 554 msere

75 569 253 620 solverentur.
290 567 396 620 Eodem
417 575 532 621 oratore
547 570 721 622 Bononiensi
737 571 876 635 coioniae,

65 638 130 705 igni
141 635 269 699 haustae,
280 637 447 688 subventum
457 641 565 691 centies
576 642 703 692 sestertii
711 641 875 708 largitione.
926 657 932 667 ‘

66 704 211 760 Redditur
221 704 337 756 Rhodiis
348 706 475 773 libertos,
487 707 620 774 adempta
628 724 713 776 serpe
723 715 773 762 nut
782 711 876 760 drino·

66 781 113 837 tn,
135 781 221 841 prout
229 775 312 826 bellis
323 776 448 826 externis
459 784 636 839 meruerunt,
655 785 706 830 eut
715 778 791 830 dorni
802 777 876 828 sedi-

66 846 150 896 tione
162 841 348 912 deliquernnt.
371 845 575 913 'l'ributumque
585 849 797 913 Apamensibus,
816 853 874 900 ter·

65 927 119 967 rae
129 917 210 962 motu
224 913 374 976 convulsis,
393 915 421 964 in
433 915 652 983 quinquennium
663 917 820 968 remissum.

102 981 178 1032 LIX.
202 981 238 1032 At
260 981 391 1034 Claudius
411 985 577 1035 saevissima
596 1000 723 1052 quaeque
741 999 874 1052 promere

66 1049 239 1122 adigebatur
249 1049 373 1102 eiusdem
386 1053 554 1118 Agrippinen
563 1054 685 1116 ortibus,
705 1069 777 1122 quoe
787 1053 876 1105 Sinti·

66 1120 139 1173 lium
150 1120 283 1181 ’l'surum,
298 1121 397 1186 opibus
408 1121 565 1184 inlustrem,
580 1120 671 1172 bortis
682 1125 743 1175 sius
752 1121 875 1179 inhiens.

67 1189 224 1256 pervertit,
254 1195 401 1242 ocousnnte
412 1191 561 1258 Tarquitio
571 1190 675 1243 Prisco.
710 1191 837 1260 Legitur
846 1191 873 1242 is

68 1258 168 1320 Tauri,
182 1257 302 1308 Africam
313 1259 432 1325 imperio
443 1259 640 1312 Proconsulari
651 1263 786 1329 regentis,
797 1266 874 1327 post·

70 1341 155 1395 quam
166 1332 348 1390 revenerunt,
367 1343 455 1394 poure
464 1329 674 1394 repetundorum
684 1328 810 1392 erimina,
829 1342 874 1380 ee·

69 1401 163 1447 terum
183 1395 303 1464 magicas
323 1397 526 1464 superstitiones
545 1399 713 1450 obieetnbet.
748 1396 806 1449 Nee
824 1396 874 1447 ilis

69 1463 176 1516 diutius
202 1463 304 1517 falsum
328 1471 521 1519 accusatorem
544 1465 742 1535 indignamque
766 1471 875 1517 sortem

68 1548 235 1601 perpessus,
254 1537 310 1585 vim
321 1538 397 1585 vitae
408 1550 475 1587 suae
487 1534 603 1597 adtulit,
624 1540 690 1586 ente
701 1534 874 1586 sententium

70 1602 202 1655 Senatus.
225 1604 389 1671 Tarquitius
400 1609 494 1653 temen
506 1604 584 1654 eurio
594 1610 708 1655 exactus
719 1608 776 1654 est:
798 1598 875 1669 quod

69 1670 180 1733 Patres,
200 1671 265 1724 odio
276 1672 420 1735 delatoris,
440 1672 684 1725 contronmbitum
693 1670 875 1739 Agrippinae,

88 1754 224 1793 ervreere.
442 1758 445 1767 ·
542 1790 545 1797 .

68 1754 86 1811 P
120 1809 180 1861 LX.
199 1809 305 1862 Eodem
324 1825 398 1861 anno
414 1812 526 1878 saepius
541 1810 637 1863 audite
650 1825 706 1863 vox
723 1807 872 1876 Principis,

67 1877 872 1949 paremoimrerombabendumoi'wruratoribresuisiu-

68 1948 234 2011 dieatarum‚
252 1948 318 2021 σιμ·
327 1948 384 2017 ipse
394 1944 544 2002 statuisset.
571 1965 612 2013 se,
631 1965 667 2001 ne
679 1948 871 2015 birtuito'pro·

66 2015 165 2083 lapsus
175 2016 333 2080 rideretur,
358 2018 480 2071 Senatus
491 2018 872 2087 quoqueeonsnlto‘eautunr,

66 2086 181 2153 plenius
197 2101 280 2152 quern
295 2093 381 2141 anteo
394 2093 423 2138 et
433 2090 555 2139 uberius.
591 2087 708 2140 Nem'D.
718 2089 872 2157 sumtus,

68 2154 146 2223 opud
152 2152 316 2218 Equestres,
334 2155 380 2221 qni
390 2154 512 2224 Aegypto
523 2156 725 2223 praesiderent,
744 2154 871 2240 tepesgi,
923 2182 926 2185 >

68 2224 230 2289 decretaque
241 2240 331 2275 eorum
338 2223 450 2291 perinde
459 2224 554 2277 baberi
563 2228 694 2290 iusserat,
712 2240 745 2277 ee
753 2240 777 2278 ss
786 2222 872 2291 magi-

68 2299 177 2346 stratus
186 2290 304 2346 Romani
314 2292 530 2346 rorutitnirsent:
544 2309 611 2346 mox
620 2297 690 2347 nuos
700 2308 752 2362 per
761 2292 871 2361 provin-

69 2362 143 2424 cias,
169 2366 198 2413 et
208 2363 237 2411 in
248 2364 317 2414 urbe
327 2362 461 2429 pleraque
477 2377 611 2415 concesso
623 2367 703 2426 suut,
721 2378 793 2431 quae
804 2361 873 2412 olim

68 2444 88 2482 a
97 2430 281 2483 Praetoribus
293 2432 503 2493 noscebantur..
525 2432 663 2483 Claudius
672 2446 754 2483 omne
765 2434 808 2482 ius
818 2436 873 2482 tre·

69 2496 157 2561 didit,
188 2498 222 2551 de
233 2514 287 2567 quo
298 2502 404 2551 totiens
420 2500 560 2551 seditione
571 2516 621 2552 suo
631 2500 716 2552 ermis
726 2505 874 2559 cenatum,
971 2556 973 2560 ¹

70 2582 134 2621 oum
145 2566 318 2633 Semproniis
325 2570 525 2637 'rogationibus
534 2570 676 2637 Equester
689 2570 760 2621 ordo
770 2570 799 2617 in
811 2580 873 2630 pos·

71 2636 539 2762 ⁸⁰⁸T⁸22¹1ssviffli⁰i⁰mml⁰⁰mm³
558 2644 727 2756 nntrursusm
737 2634 887 2719 Serviliae·
