2034 3025
104 134 459 192 uberrimarum
479 131 639 204 [naen.
659 135 796 205 n..c.70.1
825 136 874 191 155

70 306 156 373 dique
167 310 288 366 statuas,
308 303 412 355 decora
421 303 569 365 maiorum,
589 303 617 351 in
630 304 691 367 ipso
703 301 796 362 aditu,
814 302 874 356 vies
977 338 981 347 .

69 377 153 436 muri,
174 374 334 425 obiecisset.
371 372 444 422 Tum
454 370 583 423 diversos
593 370 719 438 capitolii
730 370 823 422 aditus
835 374 875 424 in·

69 444 190 505 vadunt,
217 443 298 493 iuxta
311 442 404 492 lucum
419 440 508 507 asyli,
537 445 567 491 et
581 455 637 507 qua
651 440 775 505 ’Parpeia
788 455 874 508 rupes

70 519 182 565 centum
193 510 327 579 gradibus
336 508 440 561 aditur.
459 510 875 577 inprovisautraquevis3pro·
912 516 915 520 '

69 582 135 649 pior
155 588 240 647 atque
255 581 348 630 acrior
362 593 413 645 por
428 578 539 644 asylum
554 578 713 646 ingruebat.
748 593 800 631 nec
810 580 874 631 sisti
895 634 902 641 ,

69 655 206 717 poterant
217 646 385 699 scandentes
395 662 446 714 per
457 649 606 699 coniuncta
621 646 762 699 aedificia:
794 654 875 715 quae,

68 719 142 769 utin
152 717 242 768 multa
251 730 328 782 paee,
347 717 377 767 in
387 717 476 767 altum
488 716 574 779 edita,
593 718 685 769 solum
694 717 820 791 capitolii
831 734 877 771 ae·

70 786 205 854 quabant.
239 788 296 838 Hic
306 786 471 854 ambigitur,
498 787 594 854 ignem
608 788 876 855 tectisoppugnato·

70 870 119 908 res
129 856 292 919 iniecerint,
320 870 357 907 an
368 856 491 918 obsessi,
520 871 591 923 quae
601 858 726 909 crebrior
734 856 812 909 fama
822 862 877 920 est,

71 939 128 993 quo
139 926 265 977 nitentes
275 941 308 978 ae
316 940 481 993 progressos
488 925 675 992 depellerent.
702 927 769 980 lnde
780 927 876 993 lapsus

70 995 148 1061 ignis
158 996 187 1045 in
197 996 324 1063 porticus
340 995 485 1063 adpositas
499 994 629 1047 aedibus:
659 1010 725 1047 mox
735 997 875 1048 sustinen·
908 1026 913 1033 ·

70 1068 117 1115 tes
127 1062 276 1132 fastigium
291 1064 408 1132 Aquilae
421 1067 519 1114 vetere
533 1063 612 1130 ligno
631 1068 781 1123 traxerunt
800 1064 877 1115 ilam-

70 1147 145 1183 mam
157 1134 353 1201 alueruntque.
389 1131 621 1199 Siccapitolium,
646 1132 877 1196 clausisforibus,

71 1199 250 1254 indefensum
261 1208 291 1254 et
300 1201 488 1269 indireptum,
508 1200 702 1269 conflagravit.

112 1270 235 1323 'Lxxln
254 1270 286 1323 ld
297 1270 405 1324 facinus
422 1276 487 1337 post
502 1271 645 1323 conditam
659 1271 758 1323 urbem
768 1272 878 1323 luctuo-

71 1340 217 1392 sissimum
231 1339 424 1392 foedissimum
445 1356 481 1392 ue
494 1339 787 1408 Reipublicae‘Populi
799 1340 877 1391 Rom.
970 1400 972 1405 ι

72 1399 187 1460 acc‘rdit:
216 1357 531 1470 nnlloexternoloste,
554 1409 697 1474 propitiis,
726 1410 878 1473 sipermo·

73 1491 122 1530 res
133 1481 250 1529 nostros
258 1476 372 1540 liceret,
391 1477 476 1541 Deis,
494 1475 590 1529 sedem
604 1477 679 1529 lovis
691 1477 725 1529 0.
735 1476 775 1528 Μ.
785 1477 878 1543 auspi·
939 1519 952 1533 ,

74 1547 340 1610 eatoamaioribus,
359 1548 464 1614 pignus
475 1547 603 1612 imperii,
623 1545 775 1610 conditam,
795 1561 878 1613 quam

72 1631 131 1668 non
142 1615 268 1668 Porsena
278 1613 375 1667 dedita
383 1616 468 1678 urbe,
482 1630 579 1682 neque
591 1615 665 1667 Galli
677 1622 773 1683 capta,
791 1621 879 1668 teme·

72 1701 138 1739 rare
148 1685 317 1753 potuissent,
331 1684 427 1737 furore
437 1685 598 1752 Principum
610 1685 747 1737 exscindi!
761 1687 891 1738 Arscrat'

31 1751 35 1757 ’
73 1759 104 1807 et
114 1761 180 1807 ante
192 1754 353 1821 capitolium
368 1755 444 1806 cirili
457 1754 534 1824 bello
540 1762 561 1816 ,⁸
577 1753 627 1805 sed
641 1753 740 1806 fraude
755 1757 879 1822 privata;

73 1839 149 1877 nunc
157 1824 250 1891 palam
260 1825 415 1886 obsessum,
427 1824 521 1890 palam
532 1826 686 1874 incensum.
723 1826 824 1893 quibus
835 1838 880 1878 ar·.

73 1908 183 1945 morum
193 1892 320 1959 caussis?
336 1909 391 1960 quo
402 1898 498 1944 tantae
510 1892 597 1944 cladis
607 1894 699 1974 pretio
710 1893 809 1945 stetit?
825 1909 877 1960 pro

73 1964 168 2029 patria
176 1961 360 2014 bellavimus?
370 1962 494 2014 Voverat
504 1963 676 2028 Tarquinius
687 1962 799 2016 Priscus
808 1965 878 2026 Rex,

73 2032 149 2083 bello
160 2030 274 2094 Sabino,
292 2032 454 2099 ieceratque
465 2029 658 2092 fundamenta,
677 2047 726 2099 spe
737 2035 825 2101 magis
837 2031 878 2085 fu·

72 2106 156 2152 turae
170 2100 386 2167 magnitudinis,
417 2115 498 2168 quam
514 2115 568 2169 quo
583 2100 711 2154 modicae
726 2101 816 2154 adhuc
826 2103 877 2156 Po-

73 2169 134 2237 puli
148 2169 265 2220 Romani
279 2183 325 2220 res
341 2170 523 2221 sufficerent..
548 2185 614 2222 mox
630 2168 743 2224 Servius
758 2172 878 2233 Tullius,
894 2176 900 2184 “

74 2239 214 2290 sociorum
224 2237 332 2301 studi03
355 2238 457 2290 deinde
468 2239 640 2306 Tarquinius
651 2238 807 2308 Superbus,
835 2255 878 2292 ca·

72 2313 124 2376 pta
131 2307 377 2369 SuessaPometia,
386 2305 510 2359 bostium
521 2309 617 2374 spoliis
628 2316 803 2378 exstruxere.
822 2307 879 2360 Sed

72 2378 166 2442 gloria
188 2377 281 2443 operis
299 2377 427 2435 libertati
447 2383 601 2429 reservata.
636 2379 726 2445 pulsis
747 2378 879 2446 Regibus,

71 2447 212 2500 Horatius
223 2445 372 2509 Pulvillus,
399 2447 502 2497 iterum
515 2446 632 2508 Consul,
660 2446 816 2509 dedicavit,
846 2461 892 2504 ca·
991 2477 992 2480 κ

70 2515 292 2584 uragniticentia,
311 2530 394 2582 quam
403 2517 548 2566 inmensae
559 2521 660 2582 postea
669 2515 769 2583 Populi
779 2515 879 2566 Roma

71 2588 102 2636 ni
114 2600 183 2652 opes
198 2590 334 2636 ornarent
350 2586 464 2651 potius,
483 2599 575 2651 'qnam
591 2589 739 2651 augerent·
774 2584 878 2636 lisdem
922 2603 924 2606 ·

46 2721 57 2732 ι
70 2669 170 2708 rursus
189 2655 316 2723 vestigiis
329 2656 420 2723 ¹situm
441 2657 501 2716 est,
537 2657 698 2722 postquam,
727 2653 878 2708 interiecto
