2034 3025
168 117 218 171 ios
262 112 571 167 uisu-oniuuvsi
606 106 894 177 [s.v.823.s.0.70.]
938 105 941 108 ’

163 223 224 274 leus
233 219 363 281 audebat,
373 223 514 284 tamquam
530 217 619 282 ipsum
631 216 777 265 Caecinam
789 212 919 278 periculo
934 228 984 265 ex·

164 292 285 344 emisset.
320 302 388 339 sane
397 286 520 337 adventu
535 285 595 336 eius
611 288 704 351 partes
715 281 939 345 convaluerants
954 290 986 335 et

163 360 306 411 sinistrum
326 356 395 408 lenti
415 356 523 406 itineris
544 367 684 405 rumorem
705 363 838 417 prospero
860 351 984 415 proelio

163 431 294 481 uerterat:
307 425 450 491 omnisque
460 420 773 474 inferiorisGermauiae
784 418 863 470 miles
870 418 985 475 Valeo·

164 505 221 548 tem
233 494 435 547 adsectabatur.
471 490 546 543 unde
560 491 679 557 priorum
697 487 820 542 ereditur
836 488 987 541 Caecinae

163 563 375 619 lideslluitass'e.
469 599 473 606 .
573 578 578 583 ·

216 630 314 685 xoiv.
350 631 478 682 Ceterum
496 644 550 680 non
566 629 606 681 ita
616 629 741 681 Ducibus
754 624 872 678 indulsit
888 628 987 681 Vitel-

66 690 81 709 ‘
164 702 229 765 lius,
238 706 271 752 ut
280 716 336 752 non
347 699 409 766 plus
419 699 501 749 militi
514 699 618 751 liceret.
654 698 706 750 sibi
717 699 832 765 quisque
842 698 986 749 militiam

165 784 316 837 sumpsere,
329 768 450 836 quamvis
460 769 597 835 indignus,
608 770 632 817 si
642 769 682 818 ita
693 766 838 828 maluerat,
848 766 984 820 urbanae

166 840 283 892 ostiariae
294 837 515 888 adscribebatur:
536 850 633 887 rursus
642 836 733 898 bonis,
744 849 893 887 remanere
903 837 984 888 inter

165 908 336 975 legionarios
352 911 401 956 aut
415 906 507 957 alares
517 904 691 969 solmam,
711 905 888 970 permissum.
927 920 983 957 nee

167 978 292 1038 deerant,
301 975 348 1042 qui
358 975 470 1037 uellent,
481 973 547 1025 fessi
558 974 661 1024 morbis
673 979 703 1025 et
712 974 906 1039 intemperiem
918 988 983 1025 eae-

166 1042 187 1098 li
198 1047 365 1096 incusantes.
401 1045 515 1095 Robora
525 1050 618 1094 tamen
628 1042 785 1109 legionibus
796 1042 906 1109 alisque
916 1042 983 1093 sub·

165 1120 269 1167 tracta:
289 1113 451 1165 convulsum
469 1126 624 1163 castrorum
634 1111 727 1174 decus,
737 1110 791 1163 XX
805 1110 945 1172 millibus,
966 1125 981 1163 e

165 1190 229 1234 toto
247 1183 385 1244 exercitu,
405 1183 550 1248 permixtis
560 1181 648 1246 nsagis
664 1196 745 1246 quarn
762 1179 869 1231 electis.
907 1180 980 1231 Con·

167 1254 297 1305 eionante
309 1251 437 1311 Vitellio,
457 1249 634 1315 postulantur
648 1249 685 1299 od
697 1248 859 1316 supplitium
872 1247 979 1299 Asiati·

167 1337 215 1374 eus
224 1330 251 1372 et
260 1319 373 1371 Flavius
383 1328 411 1370 et
421 1318 546 1387 Rufinus,
555 1314 645 1369 Duces
659 1316 824 1381 Galliarum,
844 1318 977 1384 quodpro

154 1388 286 1443 Vindice
303 1386 455 1441 bellassent.
492 1386 549 1439 Nec
568 1387 715 1438 coercebat
735 1385 872 1439 eiusmodi
895 1399 977 1436 voees

166 1459 313 1523 Vitellium
333 1474 415 1526 super
425 1456 535 1507 insitam
554 1457 636 1508 inerti
646 1457 740 1506 animo
749 1456 897 1524 ignaviam,
915 1468 977 1505 eon·

115 1532 119 1544 '
140 1535 144 1540 '
168 1533 250 1592 seius,
279 1529 331 1580 sibi
348 1531 454 1580 instare
474 1527 635 1577 donativum
656 1533 684 1578 et
704 1526 801 1578 deesse
820 1525 977 1590 pecuniam,

169 1600 264 1652 omnia
282 1598 338 1649 alia
356 1597 438 1648 militi
458 1597 637 1664 largiebatur.
673 1595 782 1647 Liberti
806 1593 978 1658 Principum,

168 1670 292 1740 conferre
299 1683 351 1734 pro
360 1682 470 1719 suasero
480 1663 682 1730 mancipiorum,
702 1670 734 1714 ut
744 1663 889 1723 tributum,
898 1661 977 1711 iussi.

61 1741 65 1747 “
169 1737 249 1806 lpse,¹
267 1735 328 1786 sola
338 1734 470 1801 perdendi
481 1747 562 1793 eura,
582 1731 807 1796 stabulaum-igis
818 1737 978 1782 exstruere:

170 1807 274 1858 circum
285 1802 471 1871 gladiatorum
487 1799 664 1863 ferarumque
674 1799 840 1864 spectaculis
849 1799 978 1866 oppleret

170 1881 311 1938 tamquam
321 1874 351 1922 in
361 1884 469 1920 summa
478 1867 656 1926 abundantia,
677 1867 811 1931 pecuniae
819 1868 962 1922 inludere.

130 1956 135 1967 ·
221 1937 305 1992 XCV.
341 1940 414 2001 Quin
426 1943 455 1989 et
470 1935 590 1986 natalem
601 1934 708 1986 Vitellii
724 1935 795 1987 diem
805 1937 937 1989 ¹Caecina
947 1949 978 1988 ae

170 2008 291 2070 Valens,
309 2007 392 2060 editis
404 2011 464 2057 tota
479 2005 549 2055 urbe
563 2003 674 2053 vicatim
689 2004 891 2070 gladiatoribus
905 2007 977 2058 eele-

169 2079 298 2130 bravere:
318 2076 424 2142 ingenti
438 2077 540 2140 paratu
555 2077 584 2124 et
598 2073 751 2136 anteillum
763 2074 835 2125 diem
852 2074 977 2126 insolito.

168 2147 289 2200 Laetum
299 2142 457 2195 foedissimo
467 2143 582 2209 cuique,
601 2142 676 2209 apud
685 2145 773 2196 bonos
782 2143 902 2196 invidiae
913 2141 978 2206 fuit,

169 2215 243 2284 quod
254 2213 402 2267 exstructis
412 2213 440 2264 in
452 2226 551 2278 eampo
560 2213 664 2264 Martio
675 2214 740 2275 aris,
750 2211 863 2264 inferias
869 2212 977 2272 Neroni

169 2285 291 2338 fecisset.
327 2295 425 2333 eaesae
434 2281 544 2347 publice
558 2283 686 2337 victimae
707 2287 915 2350 eremataeque:
938 2281 977 2334 sa·

171 2368 234 2406 esus
242 2351 406 2419 Augustales
416 2350 574 2403 subdidere:
595 2353 669 2418 quod
679 2351 874 2413 sacerdotium,
879 2354 912 2400 ut
923 2351 977 2403 Ro·

148 2451 151 2457 ‚
169 2421 262 2473 mulus
272 2422 355 2472 Tatio
366 2419 445 2488 Regi,
455 2422 494 2469 ita
505 2419 740 2472 GaesarTiberius
750 2419 838 2470 iuliae
848 2420 925 2486 genti
936 2434 977 2469 sa·

168 2491 266 2546 aravit.
302 2487 430 2540 Nondum
443 2493 559 2554 quartus
573 2503 590 2538 a
601 2489 716 2540 victoria
732 2489 841 2550 mensis,
852 2493 883 2540 et
889 2486 976 2542 liher-

158 2565 216 2611 *sus
225 2556 342 2617 Vitellii,
360 2557 505 2617 Asiaticus,
521 2554 694 2622 Polycletus,
706 2556 851 2606 Patrobios
862 2561 976 2608 etvete·

169 2641 203 2680 ra
222 2627 349 2680 odiorum
368 2625 482 2678 nomina
501 2624 648 2692 aequabat.
685 2625 772 2678 Nemo
792 2626 821 2676 in
839 2623 890 2678 illa
907 2623 975 2676 aula
