2034 3025
108 91 335 147 munnere.
355 90 451 145 ntea
471 90 632 163 [amna
648 96 793 167 acan]
827 98 864 155 ro

109 200 156 253 ld.
174 200 219 251 De
231 198 373 262 Praetore,
393 199 524 252 inlocum
535 201 662 269 Vipsani}
671 201 761 265 (lolli,
779 219 861 273 quom

57 286 129 323 mors
140 268 306 330 abstulerat,
316 269 501 337 subrogando,
510 276 653 323 oertaureu
662 273 784 325 incenit.
793 273 863 327 iler-

56 342 182 392 manious
191 339 390 405 atquellrusuu
400 343 475 401 (nam
486 341 572 393 etiam
582 346 642 392 tou
653 341 759 395 Romae
770 346 862 405 enat)

55 409 204 461 Haterium
224 408 381 475 Agrippam,
399 410 583 476 propinquum
601 409 770 473 Germania]
787 410 863 465 lora·

54 481 133 531 bant:
154 483 254 529 contra
265 476 390 545 plerique
400 479 864 542 nitebantunutnumerualibero·

53 562 113 600 rum
136 549 167 597 in
188 546 345 599 candidatis
365 546 560 614 praepolleret,
580 548 655 617 quod
676 548 723 601 lex
742 550 864 602 iubeam.

53 616 230 671 laetabatur
240 617 382 685 Tiberius,
402 630 464 669 eum
484 619 558 669 inter
576 616 651 670 iiiior
666 620 727 671 eiua
742 625 772 672 et
788 618 866 685 lege·

53 686 176 739 Senatus
187 686 365 751 disceptaret.
383 690 456 739 vieta
466 694 508 741 est
518 689 578 741 siue
588 687 672 741 dubio
681 688 740 752 le13
756 688 805 741 red
817 702 864 739 no·

53 772 107 823 quo
117 756 215 807 statim
226 761 256 807 et
266 758 360 822 paucis
370 756 523 825 suffragiim
541 757 690 827 quomodo,
705 760 790 811 etiam
799 772 863 810 mam

52 826 194 888 valerent,
205 824 282 893 leges
292 827 478 879 vincebantur.

104 894 166 947 Lll.
184 894 291 945 Eodem
301 910 375 947 anno
387 902 515 963 coeptum
526 897 555 947 in
565 895 660 949 Africa
668 894 782 958 bellum,
792 894 864 949 duee

51 962 177 1015 hostium
189 962 379 1017 'lm-larinate⁸
408 965 431 1015 is
447 967 561 1018 natione
575 964 697 1018 Numida
715 967 742 1019 in
763 964 864 1017 miri·

50 1032 190 1086 Romanis
200 1032 349 1085 auxiliaria
359 1034 497 1100 stipendia
507 1036 633 1098 meritur,
652 1034 869 1097 moxdeoertor‚'

48 1113 142 1170 vagos
161 1102 280 1167 primum
300 1111 330 1155 et
348 1104 501 1155 latrociniis
521 1110 616 1156 sueton
630 1098 667 1155 od
687 1104 818 1171 praedam
835 1110 864 1157 et
957 1126 964 1151 r

51 1178 153 1237 raptus
163 1184 347 1238 congregare:
367 1170 441 1235 dein,
461 1187 540 1225 more
554 1172 685 1237 militiae·
701 1173 864 1242 petronilla

53 1247 83 1292 et
94 1246 204 1292 turmas
215 1254 395 1305 componere:
414 1247 557 1308 postremo
568 1258 623 1294 nou
634 1244 794 1296 inconditae
804 1251 864 1295 tur·

52 1310 118 1372 bae,
129 1309 179 1361 sed
191 1309 404 1361 Musulanorum
416 1309 471 1361 dux
484 1309 590 1363 haberi.
607 1312 701 1365 valida
713 1328 746 1365 ea
756 1328 825 1380 gena
837 1318 866 1364 et

53 1378 254 1431 solitudinibus
264 1378 376 1432 Africae
386 1382 551 1449 propinqua,
565 1380 642 1433 nullo
653 1384 738 1433 etiam
749 1388 808 1432 tum
820 1396 866 1432 or·

52 1449 132 1500 bium
144 1447 230 1510 cultu,
241 1463 271 1501 ce
292 1450 313 1499 it
324 1464 410 1512 arnna,
422 1449 593 1518 Maurosque
603 1449 712 1501 accolas
722 1452 751 1500 in
759 1448 865 1502 bellum
975 1478 979 1483 ·

53 1521 153 1570 traxit
170 1518 228 1570 dux
238 1464 319 1570 etRie
330 1519 469 1586 Mazippa.
493 1519 652 1587 divisusque
662 1520 816 1583 exereitum
834 1525 867 1569 ut

36 1603 39 1608 “
55 1589 225 1641 'l'acfarinas
239 1587 328 1640 lectos
342 1589 431 1652 viros,
454 1594 483 1640 et
493 1589 649 1642 Romanum
660 1589 689 1639 in
699 1588 811 1639 modum
823 1603 867 1642 ar·

55 1663 157 1720 matos,
170 1658 427 1721 eastrieadtinoret
439 1658 620 1724 disciplinaet
627 1657 749 1724 imperiis
759 1671 866 1709 suesce·

55 1734 114 1779 ret:
134 1727 267 1794 Mazippa
285 1727 341 1780 leri
356 1742 420 1779 oum
439 1729 519 1795 eopia
533 1726 664 1780 incendia
678 1733 708 1780 et
722 1725 822 1780 caeder
836 1733 866 1780 et

55 1803 197 1848 terrorem
218 1795 418 1850 circumferret.
453 1797 700 1866 compulerantque
720 1795 865 1858 cinimioe,

56 1864 131 1917 haud
142 1866 327 1931 spernendam
340 1868 492 1930 nationem,
510 1869 540 1917 in
555 1866 670 1930 eadem3
689 1881 751 1919 eum
762 1865 864 1921 Furiuo

26 1953 30 1960 ·
55 1933 202 1996 Camillum
221 1934 505 2001 Proconsulllfrieao,
521 1935 669 2004 legionem,
689 1941 719 1988 et
728 1936 803 2004 quod
812 1936 865 1987 nub

54 2006 143 2071 signa
155 2005 301 2068 sociorum,
321 2006 450 2068 inunum
466 2004 631 2069 conductos,
649 2003 687 2056 ad
697 2004 805 2058 hortem
816 2004 866 2057 du·

53 2075 109 2128 xitr
129 2073 269 2125 modicam
285 2087 410 2137 manum,
429 2075 453 2126 ei
463 2075 671 2127 multitudinem
682 2075 864 2126 Numidarum

55 2148 144 2212 atque
154 2142 316 2195 Maurorum
328 2149 482 2209 spectares:
501 2145 551 2197 aed
565 2142 636 2194 nihil
649 2159 738 2210 aeque
752 2145 866 2196 carebo·

55 2217 112 2274 tur,
133 2226 218 2278 quam
234 2227 268 2264 ne
282 2212 387 2264 bellum
404 2219 480 2266 metu
495 2213 651 2266 eluderent.
669 2229 718 2280 ope
729 2214 865 2266 victoriae

54 2279 250 2344 inductionum,
266 2287 297 2332 ut
308 2285 494 2334 vincerentur.
528 2282 701 2351 lgiturlegio
712 2282 815 2343 medio,
824 2280 864 2333 le·

54 2363 103 2400 rea
114 2348 247 2402 cohortes
257 2351 384 2419 duaeque
394 2351 457 2404 alae
466 2355 495 2403 in
507 2353 638 2404 cornibus
647 2351 784 2403 locantur.
802 2349 862 2402 Noe

46 2417 224 2481 ,Taelarinae
235 2435 355 2488 pugnarn
367 2419 540 2474 detrectarit.
558 2421 613 2473 iuni
628 2419 774 2482 Numidae,
793 2417 866 2470 mul·

57 2493 159 2556 touque
172 2493 237 2555 poet
250 2501 338 2541 annos
348 2490 433 2544 Furio
448 2493 554 2543 nomini
567 2497 680 2557 partum
694 2489 779 2541 decue
793 2485 865 2536 mili·

58 2559 123 2610 tiae.
143 2573 206 2610 nam
218 2565 282 2625 post
290 2558 372 2613 illum
382 2563 599 2628 reciperatorem
609 2558 702 2618 urbia,
719 2555 867 2616 liliumque
909 2575 915 2585 ·

61 2629 121 2680 eius
133 2628 290 2693 camillum,
309 2645 394 2700 penes
404 2629 474 2684 alias
485 2629 607 2684 familiae
615 2622 798 2694 imperatoria
806 2619 869 2670 laur
