2034 3025
36 125 44 142 x
157 82 210 139 aar
382 74 735 136 nnonsronrnvs
788 44 822 149 J*

157 193 237 242 tanto
248 185 346 251 magis,
356 182 385 232 in
397 182 464 248 ipsis
474 179 787 251 honoribus-conlegas
798 196 869 233 suos
881 184 979 233 antei.

156 259 214 317 bat,
231 259 310 306 tanto
321 251 384 318 plus
395 250 469 316 apud
479 250 620 316 principes
630 252 750 319 gratiae,
769 249 834 317 plus
844 252 977 305 anctori-

155 325 224 377 tatis
235 322 309 391 apud
319 320 426 382 Patres,
441 318 502 385 plus
514 319 633 371 notitiae
644 334 677 372 ae
687 320 810 371 nominis
821 319 902 385 apud
914 320 978 388 ple·

155 393 219 447 item
228 392 353 459 parabat
365 386 395 439 hi
404 387 542 439 clientelis
552 389 638 441 etiam
649 394 810 441 exterarum
819 389 978 443 nationum

145 461 362 515 redundabant:
374 456 426 509 hos
437 456 504 507 itnri
515 457 544 507 in
556 458 714 524 provincias
726 456 920 523 Magistratus
931 473 978 509 re·

155 531 338 589 verebantur,
360 525 412 577 lros
422 526 528 577 reversi
542 526 685 579 colebant:
709 523 759 577 hos
771 525 977 579 et·Praeturae

156 595 186 654 et
197 597 365 651 Consulatus
375 609 476 647 vocare
485 594 562 647 ultro
574 596 753 648 videbunturt
769 592 799 644 hi
816 610 857 646 ne
867 595 976 661 privati

156 668 270 736 quidem
280 666 340 717 sine
352 669 492 731 potestate
503 669 598 728 erant3
617 680 680 717 cum
692 669 722 716 et
732 660 870 730 populum
883 670 915 715 et
925 662 974 717 Se

157 743 256 790 natum
270 734 386 787 conassio
398 739 427 783 et
438 734 605 785 auctoritate
620 737 763 801 regerent.
799 733 871 801 quin
884 732 972 783 immo

157 805 276 871 sibiipsi
287 806 497 868 persuaserant,
519 804 659 855 neminem
670 802 731 853 sina
743 798 913 867 eloquentia
924 808 974 853 ant

157 874 274 938 adsequi
288 884 369 936 pesse
384 869 414 921 in
431 869 560 933 tinente,
583 876 632 921 aut
646 870 723 923 tueri
738 869 928 936 censpinnnrn
943 876 972 921 et

157 942 329 995 eminentem
338 939 440 990 locum.
469 954 522 990 nee
538 940 640 991 mirum
656 954 718 991 cum
735 938 822 991 etiarn
837 939 926 991 inriti
937 938 972 989 ad

157 1011 288 1079 populum
299 1008 530 1080 producerentur:
542 1024 605 1061 cnm
617 1022 713 1075 parurn
725 1013 807 1070 esset,
818 1009 848 1059 in
863 1007 972 1060 Senatu

156 1080 283 1133 breviter
294 1093 417 1140 censere,
429 1076 483 1127 nisi
491 1078 553 1144 quis
563 1077 677 1145 ingenio
690 1082 719 1129 et
730 1076 899 1144 eloquentia
910 1092 972 1130 sen·

158 1150 277 1201 tentiam
292 1151 371 1198 sunm
387 1151 529 1198 tueretur:
549 1161 626 1209 cnm,
646 1146 676 1197 in
692 1146 815 1213 aliquam
831 1146 972 1197 insidians

158 1224 209 1269 ant
219 1219 325 1269 crimen
335 1216 437 1280 vocati,
448 1229 575 1267 snavocc
583 1214 809 1281 respondendnm
820 1214 974 1279 haberent,

158 1301 222 1338 eum
233 1286 396 1337 testimonia
411 1299 522 1352 quoque
532 1284 561 1335 in
573 1284 685 1335 iudiciis
696 1298 753 1335 non
765 1284 911 1348 absentas,
923 1300 975 1337 net

158 1370 209 1423 per
224 1354 358 1406 tabellam
374 1354 455 1417 dare,
476 1352 637 1404 sedentum
649 1359 680 1405 et
695 1358 861 1419 praesentes
878 1353 974 1407 dicere

160 1428 339 1492 cogerentur.
373 1423 425 1485 lta,
447 1421 482 1473 ad
503 1436 612 1473 summa
634 1422 812 1488 eloquentiae
833 1424 976 1489 praemia,
1007 1470 1008 1484 p

159 1508 263 1562 magna
278 1493 365 1546 etiarn
380 1491 533 1544 necessitas
549 1491 713 1556 accedebat:
732 1497 762 1544 et
776 1492 925 1558 quomodo
937 1494 976 1544 ‹li-

159 1569 267 1616 sertum
278 1561 385 1625 haberi,
397 1562 522 1627 polorum
532 1567 561 1612 et
571 1561 738 1628 gloriosnmt
750 1562 792 1613 sic
801 1567 912 1614 conus
918 1578 976 1616 nu·
1006 1551 1007 1573 ¹

160 1638 222 1684 turn
233 1638 263 1684 et
273 1632 415 1700 elinguem
425 1630 524 1692 videri,
536 1629 662 1682 deforme
673 1628 837 1683 habebatur.
1005 1623 1006 1661 l

95 1723 100 1730 ·
213 1699 352 1753 XXXVll.
363 1702 439 1768 Ergo
450 1714 507 1751 non
519 1700 610 1752 minna
621 1701 733 1764 rubore,
744 1714 826 1767 quum
838 1702 977 1766 praemiis
1004 1733 1005 1749 r

112 1769 123 1794 ⁰
161 1770 390 1824 stimulabantur:
410 1785 446 1822 ne
462 1769 663 1821 clientulorum
678 1770 742 1822 loco
760 1770 869 1837 potius,
887 1785 975 1838 quarn
1003 1799 1004 1837 p

54 1842 59 1855 “
114 1882 117 1887 .
160 1846 352 1908 patronorum,
363 1843 591 1890 numerarentur:
609 1854 645 1890 ne
657 1838 778 1891 traditae
789 1839 977 1892 amainribus
1002 1878 1003 1926 1

161 1909 384 1962 necessitudines
399 1908 436 1959 ad
451 1909 522 1960 alios
537 1908 705 1960 transirent:
723 1923 760 1960 ne
776 1915 924 1990 tamqnam
935 1911 976 1960 in·

161 1982 252 2039 estes,
274 1982 304 2028 et
313 1992 370 2028 nnn
380 1976 528 2031 suffecturi
537 1976 702 2042 honoribus,
720 1967 837 2030 autnon
849 1985 974 2045 inpetra-
1001 2003 1002 2015 π

160 2050 233 2106 rent,
249 2049 299 2096 aut
309 2046 465 2111 inpetratos
475 2047 548 2100 male
559 2052 715 2100 tuerentur.
750 2047 862 2110 Nescio,
879 2061 920 2100 an
932 2063 973 2099 re·
1000 2088 1001 2103 r

161 2114 256 2166 nerint
270 2113 299 2172 in
316 2128 415 2166 manus
430 2120 539 2168 vestras
554 2114 624 2168 haec
638 2123 747 2180 vetera,
768 2131 841 2184 quae
854 2119 886 2169 in
905 2117 972 2168 anti·
999 2175 1000 2191 χ

161 2199 282 2252 quornm
295 2181 474 2236 bibliothecis
489 2185 581 2238 adhuc
595 2191 712 2240 manent
726 2192 755 2238 et
770 2201 834 2240 curn
849 2188 971 2238 maxine

161 2267 180 2304 a
196 2253 328 2306 Muciano
344 2251 561 2307 contrahuntur:
585 2268 618 2306 ac
632 2256 689 2306 iarn
705 2255 848 2318 undecim,
866 2263 903 2308 ut
917 2255 971 2321 epi·
998 2243 999 2279 ¹

77 2327 81 2332 “
163 2335 224 2383 nor,
239 2323 372 2374 Actorum
383 2321 464 2374 libris
474 2330 503 2375 et
515 2324 603 2375 tribus
615 2325 803 2390 Epistularum
815 2329 971 2392 composita
997 2335 998 2367 l

89 2394 92 2399 ’
162 2394 192 2440 et
205 2389 283 2440 edita
298 2395 372 2441 sunt.
407 2391 450 2442 Ex
466 2389 510 2442 his
527 2391 648 2460 intelligi
662 2399 767 2460 potest,
789 2393 840 2446 Cn.
856 2392 971 2465 Ponps
996 2395 997 2457 l

159 2455 219 2507 inm
231 2461 260 2507 et
271 2457 310 2507 Μ.
323 2458 461 2520 Crassum,
476 2473 533 2510 non
544 2460 652 2513 viribus
663 2462 747 2514 modo
758 2469 787 2515 et
797 2461 903 2530 armis,
923 2460 971 2518 sed
995 2461 996 2464 ’

160 2523 975 2670 oront.nturntrrzttrnnltstsultc

673 2635 683 2664 2
