2034 3025
156 124 209 178 aas
278 114 677 196 ANNALIVM'[A.V.801.
694 113 832 197 sons]

208 221 307 272 XXIX.
327 225 365 272 Ac
375 224 465 286 primo
477 224 618 282 Callistus,
632 223 764 273 iam-mibi
774 227 848 274 circa
857 240 953 277 necem

157 288 187 340 C.
202 289 330 341 Caesaris
349 296 492 350 narratus,
523 295 552 340 et
565 291 707 356 Appianae
727 292 820 355 caedis
838 291 954 349 molitor

81 374 90 421 χ
155 355 319 418 Narcissus,
346 355 620 424 flagrantissimaque
633 374 666 410 eo
682 363 711 408 in
722 365 849 426 tempore
860 364 954 427 gratia

82 425 86 431 '
154 425 247 478 Pallas
259 427 411 492 agitavere,
430 441 494 475 num
504 423 689 478 Messallinum
698 429 808 482 secretis
818 428 899 480 urinis
910 431 953 480 de·

153 496 282 562 pellerent
290 509 380 544 umore
391 492 462 554 Sitti,
470 502 571 552 ‘cuneta
580 494 636 544 etia
647 495 844 549 dissimulantes
851 517 866 549 .·-
876 497 954 549 deiu-

154 563 189 632 de
199 559 288 622 uictu,
316 577 352 612 ne
363 561 398 611 ad
409 563 561 626 perniciem
570 563 645 614 ultro
660 563 853 628 traherentur,
881 566 952 620 tlcsi-

152 635 244 680 stuut:
264 629 366 689 Pallas,
380 631 594 696 perignavian13
615 633 755 696 Callistus,
771 636 873 700 prioris
884 651 952 701 quo·
976 681 978 684 .

154 711 207 764 que
216 699 312 764 regiae
323 699 439 762 peritus,
461 703 489 748 et
499 701 655 762 potentiam
666 703 769 762 cautis,
789 717 870 768 quam
882 705 952 754 acri·

151 765 214 827 bus,
227 765 351 816 consiliis
361 768 451 816 tutius
460 764 566 818 baberi.
602 768 732 829 Pcrstitit
743 769 899 833 Narcissus,
913 777 951 833 et,

151 832 242 883 solum
256 834 285 882 id
294 835 451 895 inmutans,
479 850 514 885 ne
530 850 585 902 quo
596 851 725 888 sermone
737 841 890 902 praesciam
901 841 952 888 cri·

150 901 235 952 minis
247 907 276 953 et
286 904 456 960 accusatoris
467 901 586 966 faceret,
616 905 727 970 ipseaead
738 905 952 964 occasionesin·

150 975 257 1031 tentus,
270 971 357 1036 longa
366 971 560 1036 apud·0stiam
572 973 699 1023 Caesaris
711 988 798 1036 mora,
813 974 882 1026 duas
894 975 952 1040 pel·
1007 1019 1009 1024 ,

149 1036 227 1099 lices,
242 1054 360 1105 quarum
370 1041 394 1088 is
405 1041 568 1104 corporibus
579 1043 699 1093 maxime
710 1043 877 1103 insueverat,
897 1044 952 1093 lar-

84 1118 89 1125 ’
150 1106 261 1170 gitioue
271 1122 303 1156 ac
311 1108 466 1172 promissis,
487 1113 529 1171 et,
544 1124 632 1160 uxore
642 1109 759 1172 deiecta,
779 1109 841 1176 plus
852 1115 952 1176 poten·

149 1175 208 1226 tiae
218 1176 398 1236 ostentando,
420 1177 549 1241 perpulit,
570 1177 740 1229 delationem
750 1179 854 1228 subire.

203 1242 291 1294 XXX.
310 1245 380 1294 Exin
394 1244 545 1310 Calpurnia
560 1245 600 1307 (id
611 1245 704 1311 pellici
715 1248 827 1307 nomeu)
842 1244 890 1294 ubi
902 1243 949 1296 da·

149 1313 210 1362 tum
221 1317 369 1373 secretum,
388 1314 516 1364 Caesaris
527 1316 644 1378 genibus
654 1314 811 1380 provoluta,
830 1313 951 1380 nupsisse

150 1377 334 1432 Messallinam
359 1380 442 1444 Silio,
478 1383 623 1432 exclamat.
661 1382 745 1432 simul
765 1383 950 1448 Cleopatram,

150 1463 221 1517 quaa
232 1450 305 1502 idem
316 1451 465 1517 opperiens
474 1451 612 1513 adstabat,
621 1467 655 1504 en
666 1449 854 1517 cornperisset?
864 1453 951 1502 inter-

149 1525 245 1585 rogat:
265 1519 350 1587 atque
361 1520 570 1581 illa-adnuente,
590 1520 657 1571 cieri
667 1518 837 1582 Narcissum,
855 1524 951 1585 postu-

147 1587 199 1638 lat.
233 1588 273 1652 Is,
300 1588 405 1640 ueniam
419 1588 449 1640 s'n
463 1590 645 1654 praeteritum
664 1597 771 1655 petens,
800 1587 952 1655 enodetur

155 1652 286 1718 Vectium,
300 1657 338 1708 cis
348 1656 492 1707 Plautium
502 1656 729 1719 dissimulabisset,
738 1672 785 1708 nec
795 1671 865 1707 nune
876 1656 952 1707 adul·
999 1720 1001 1724 ι

50 1752 55 1767 ι
149 1724 411 1786 teriaobieeturum,
431 1725 483 1773 ait:
507 1740 555 1774 nec
564 1726 681 1786 dennuni,
700 1721 826 1783 seruitio,
845 1730 873 1772 et
882 1732 952 1775 cete-

148 1792 339 1861 ros-fiertunae
346 1800 463 1859 paratus
478 1806 623 1857 reposcere.
655 1792 801 1861 frueretur
811 1790 962 1845 trininatis:-

147 1867 180 1910 αι
196 1860 318 1913 redderet
331 1875 456 1921 uxorem,
485 1868 672 1924 rumperetque
686 1858 793 1909 tubulas
803 1856 950 1923 nuptiales.

77 1964 82 1969 -
148 1944 185 1978 sn
195 1926 344 1990 discidium,
365 1930 465 1993 inquit,
485 1926 660 1977 tuurrrnoste'?
679 1924 954 1981 nnmrrratre'monium

149 1995 214 2046 stan·
223 1996 413 2062 ndditpopulus
423 2003 450 2045 et
461 1994 578 2047 Senatus
588 2003 615 2045 st
624 1993 714 2047 miles:
733 2010 779 2057 ec,
798 1994 827 2061 njs'
833 2011 952 2065 propere

148 2064 220 2133 agis,
238 2074 311 2117 tenet
321 2063 412 2117 urbem
422 2063 547 2114 neure'tus.
914 2125 916 2129 ι
984 2102 991 2113 .

174 2133 283 2185 XXXI.
300 2136 372 2185 Tum
392 2134 567 2199 potissimum
584 2148 721 2199 quemque
738 2134 889 2185 amicorum
904 2148 952 2185 ro·

149 2208 207 2253 ast:
226 2204 401 2269 primumque
411 2203 453 2253 rei
464 2200 667 2253 frumentariae
678 2202 859 2268 praesectum,
879 2204 951 2253 'l'ur·

142 2273 272 2333 sanium,
292 2277 364 2339 post
373 2272 490 2324 Lusium
500 2272 617 2333 Getam,
642 2268 835 2322 Praetorianis
846 2270 951 2335 inposi-

148 2346 223 2403 tum,
254 2347 460 2407 percunctatur.
496 2341 603 2401 Quibus
617 2338 791 2401 fatentibus,
820 2338 952 2390 semotim

148 2411 237 2462 ceteri
247 2413 492 2475 circumstrepunt,
509 2409 602 2461 iret-dn
612 2417 715 2469 cestre,
724 2406 855 2477 firmaret
864 2406 952 2459 Prae·

147 2478 379 2540 toriascodeortes,
402 2477 546 2529 securitati
556 2486 633 2537 ante,
657 2492 736 2541 quom
747 2474 953 2527 uindictaeeou·

143 2549 257 2599 sederet.
286 2549 362 2599 Satis
374 2552 494 2607 constat,
505 2561 539 2597 co
550 2560 654 2611 pavore
666 2544 785 2596 offusum
797 2543 952 2605 Claudium,

147 2622 180 2667 ut
189 2616 344 2686 identidem
361 2618 565 2682 interrogaret,
591 2630 627 2667 an
642 2614 698 2681 ipse
712 2611 825 2681 lintperii
835 2611 953 2679 poterut

141 2692 147 2698 “
513 2695 522 2727 l
