2034 3025
172 115 224 171 208
265 137 276 188 g
315 117 836 198 ANN.t121VM[A.733.ncne]
909 91 932 164 ἶ

163 229 202 274 ,et
212 222 338 290 proxinio
349 237 458 290 quoque
470 224 618 285 exercitui,
637 240 688 291 per
697 226 730 278 L.
741 229 891 294 Apronium
903 236 984 289 sone·

167 307 243 360 rum.
254 308 309 343 non
321 293 455 358 ingratus.
484 292 557 342 unde
569 295 643 353 fama
654 301 792 360 constans,
807 313 906 352 ausum
917 307 983 357 mit·

172 367 234 414 tere
245 362 279 422 ad
293 363 438 412 Caesarem
452 362 581 424 titteras,
601 362 782 430 Affinitatem
796 367 849 420 ribi
859 385 922 424 oum
933 373 983 427 Se·

171 428 237 484 iano
246 430 321 484 haud
329 439 430 498 sponte,
449 433 495 482 red
503 431 613 484 coneilio
628 431 744 498 Tiberii,
756 445 983 510 *coeptomaper-

170 498 233 569 inde
243 517 278 563 re,
289 517 368 568 poam
383 499 531 563 Tiberium,
541 501 610 572 falli
616 503 746 568 potuisse.
765 523 849 574 nepae
860 526 983 565 errorem

171 571 282 622 mendam
300 569 343 620 illi
357 569 414 622 eine
428 571 547 642 frande,
566 569 630 622 ario
650 572 907 631 exitiodabendum.
928 582 983 634 siti

155 638 250 710 ‚fidem
259 637 406 708 integram,
417 649 453 704 et,
464 640 488 692 si
497 640 579 694 nrrtir'e
588 640 695 693 insidiis
701 652 853 710 poteretur,
872 665 982 703 monere-

170 724 245 760 ram:
265 725 442 762 successorem
452 727 505 762 non
520 709 612 772 aliter,
632 726 712 775 quom
727 712 857 765 indiciam
871 721 981 782 mortis,

169 787 349 844 acceptorem.
364 777 516 846 firmarent
525 779 712 850 velrrtfoedrrs,
732 798 784 848 qno
794 783 929 852 Princeps
939 805 981 841 oe·

169 854 290 900 terarum
307 865 399 899 rerem
412 849 566 914 potiretur,
586 848 643 914 ipre
656 851 826 915 provinciam
835 854 978 909 retineret.

168 916 256 979 Haec,
267 920 339 968 mira
350 934 526 986 quamquam,
541 913 625 968 rident
636 934 671 970 ex
683 933 717 970 eo
728 919 886 985 trahebant,
902 928 977 992 quod

167 1001 244 1048 unus,
261 989 383 1049 omnium
400 985 493 1038 Seiani
514 988 645 1038 adfinium
667 990 816 1041 incolumis.
832 993 977 1063 multaque

166 1057 260 1122 gratia
275 1059 388 1110 mansit:
408 1062 556 1122 reputante
567 1059 682 1108 Tiberio
697 1059 837 1124 publicum
854 1063 908 1112 sibi
919 1065 976 1117 odi-

167 1139 224 1188 um,
246 1133 400 1180 extremam
420 1131 552 1190 aetatem,
572 1127 715 1194 magisque
735 1127 818 1194 fama,
836 1147 922 1198 quam
938 1138 976 1198 vi,

92 1207 93 1212 ¹
166 1199 243 1254 stare
254 1213 299 1250 res
310 1213 382 1250 suas.

226 1265 328 1319 XXXI.
348 1269 377 1318 C.
390 1268 490 1331 Cestio,
501 1268 540 1320 M.
551 1266 669 1322 Servilio
680 1285 748 1322 coss.
759 1271 866 1324 nobiles
877 1271 974 1324 Parthi

140 1340 144 1341 ⁷
165 1336 196 1388 in
214 1337 311 1394 urbem
332 1352 443 1402 venere,
462 1341 561 1406 ignaro
582 1355 649 1407 rege
659 1342 809 1392 Artabano.
845 1343 974 1406 1s‚1netu

167 1403 327 1466 Germanioi
342 1407 414 1460 fidus
425 1409 567 1471 Ronranis,
587 1411 741 1476 aequabitis
760 1413 789 1478 in
799 1425 886 1475 -suos,
908 1427 973 1464 mox

166 1479 325 1545 superbiam
346 1479 375 1531 in
394 1494 454 1544 nos,
474 1481 618 1544 saeritiarn
634 1481 664 1532 in
682 1480 830 1548 populares
840 1485 972 1549 sumpsit3

152 1590 154 1595 ,
166 1546 257 1601 fretus
272 1551 376 1618 bellis,¹
389 1566 459 1618 quae
474 1551 597 1602 secunda
616 1552 762 1602 adversum
784 1554 973 1605 circumiectas

93 1626 106 1671 “,
131 1672 133 1677 ,
152 1620 296 1675 vnationes
308 1626 482 1680 exercuerat,
498 1625 528 1671 et
538 1626 711 1671 senectutem
722 1621 837 1683 Tiberii,
857 1628 890 1672 ut
899 1624 972 1675 iner-

165 1703 249 1752 mem,
260 1690 425 1756 despiciens,
436 1689 590 1754 avidusque
598 1692 755 1750 Armeniae,
770 1692 823 1751 eui,
838 1690 972 1744 defuneto

164 1758 242 1825 Rege
257 1761 380 1819 Artaxia,
400 1761 532 1819 Arsacen,
551 1757 701 1808 liberorum
721 1771 836 1806 suorum
856 1765 972 1813 veterri-

52 1811 70 1846 ·.
111 1842 116 1847 ·
164 1830 389 1895 mumpinposuit,
400 1826 496 1877 addita
506 1826 684 1886 contumelia,
704 1830 732 1877 ot
747 1826 845 1887 missis,
866 1832 912 1895 qui
921 1848 973 1900 ga-

91 1910 99 1919 ‘
164 1909 233 1961 zoor,
249 1916 265 1951 o
282 1896 388 1949 Vonone
399 1894 523 1945 relictam
534 1892 563 1945 in
575 1891 657 1961 Syrio
671 1891 829 1961 Ciliciaque,
844 1910 974 1963 reposce.

92 1965 95 1983 ¹
152 1974 237 2031 rent,
258 1968 340 2017 simul
359 1972 461 2016 eeteros
471 1962 620 2015 Persarum
634 1978 667 2013 oc
681 1960 859 2023 Macedonem
880 1970 973 2021 termi-

153 2031 221 2100 nos,
241 2051 325 2103 seque
334 2034 492 2087 invasurum
504 2048 627 2100 possessa
636 2030 721 2102 Cyro,
734 2042 769 2087 et
780 2044 845 2101 port
855 2036 972 2092 Alexan·

104 2150 106 2153 .
152 2105 224 2169 dre,
236 2120 286 2174 per
294 2103 531 2171 vaniloquentiam
543 2117 576 2153 ao
585 2104 674 2167 nrinas
685 2104 811 2165 iaciebat.
840 2104 895 2157 Sed
907 2108 972 2159 Par·

110 2180 112 2185 ⁴
165 2175 222 2227 this
242 2174 371 2227 mittendi
392 2176 513 2224 secretos
532 2174 645 2224 nuntios
664 2173 852 2225 validissimus
866 2175 971 2229 'auctor

165 2244 221 2297 fuit
229 2244 371 2307 Sinnaces,
383 2244 491 2309 insigni
502 2242 616 2305 familia,
630 2259 663 2294 ao
676 2244 792 2309 perinde
808 2245 921 2311 opibus,
942 2253 972 2298 et

166 2318 309 2383 proximus
320 2314 384 2366 hnic
394 2313 501 2377 Abdus,
520 2312 666 2380 ademptae
682 2314 832 2367 virilitatis.
852 2329 907 2365 non
923 2315 971 2367 do-

166 2391 290 2451 speotum
302 2386 329 2436 id
341 2383 415 2451 apud
425 2384 567 2449 barbaros,
578 2383 708 2449 ultroque
715 2382 970 2449 potentiamhabet.

164 2454 198 2518 li,
209 2456 322 2513 adscitis
334 2460 362 2507 et
373 2454 435 2504 aliis
445 2452 625 2521 prirnoribus,
646 2455 713 2521 quia
727 2454 866 2525 neminem
881 2457 973 2523 gentis

165 2525 361 2577 Arsacidarum
372 2522 496 2577 summae
504 2526 549 2577 rei
558 2525 693 2591 inponere
703 2528 845 2591 poterant,
859 2525 988 2579 interfo'

71 2606 74 2613 '
93 2618 104 2626 “
165 2596 218 2647 etis
225 2596 409 2661 abdrtabano
420 2594 569 2663 plerisque,
581 2594 759 2645 autnondum
766 2592 877 2657 adultis,
886 2592 973 2647 Phra·

165 2662 261 2731 haten,
276 2666 361 2735 Regis
372 2663 521 2718 Phrahatis
531 2665 630 2729 tilium,
648 2664 909 2729 Romaposoebant:
918 2662 974 2717 No·
