2034 3025
158 163 163 166 “
219 147 438 204 DldLOGVS
458 147 641 202 οΛΡ.9.10.
710 171 711 174 “
780 147 832 202 ³05

33 259 62 304 et
73 253 205 304 subsellia
215 251 346 313 conducit
357 257 387 304 et
396 252 507 305 libellos
518 253 670 321 dispergit:
682 260 721 316 et,
731 259 763 305 ut
768 253 833 306 bes·

32 322 156 374 tissimus
166 321 363 391 recitationem
375 322 435 376 eius
442 328 561 374 eventus
567 328 834 390 prosequatur,.om·

33 391 77 441 nis
87 390 134 441 illa
143 390 205 440 laus
216 390 292 451 intra
302 405 387 441 unum
405 396 455 442 aut
465 391 586 443 alterum
596 390 686 452 diem,
713 390 832 442 velutin

32 457 119 522 herba
127 459 172 510 vel
182 455 251 512 tiore
262 455 428 526 praecepta,
449 459 485 511 ad
496 458 602 512 nullam
612 465 719 511 eertum
729 465 760 511 et
767 459 834 510 soli·

32 527 93 580 dam
104 528 234 593 pervenit
243 525 366 596 ixugem:
377 543 430 581 nee
439 534 488 582 aut
497 529 649 582 amicitiam
659 527 725 580 inde
735 525 834 589 refert,

33 601 82 648 aut
91 596 264 659 clientelam,
288 602 337 648 aut
346 596 510 650 mansurum
525 599 555 649 in
566 599 658 650 animo
670 600 834 663 cuiusquam
869 621 871 627 ·

31 665 211 726 beneficium,
230 664 281 718 sed
290 663 441 720 clamorem
451 682 553 735 vagum
564 671 594 719 et
602 682 685 720 voees
696 668 795 718 inanes
806 669 836 715 et
892 695 894 702 =

32 732 164 802 gaudium
173 734 294 792 voluere.
330 735 519 788 Laudavimus
530 751 634 804 nuper,
652 735 794 788 uenirem
806 737 835 783 et

33 801 172 874 eximiam,
189 803 356 874 Vespasiani
367 805 578 872 liberalitatem,
598 803 671 872 quod
683 805 837 872 quingenta
849 839 855 848 ι

32 871 167 925 sestertia
175 871 266 925 Basso
282 873 424 926 donasset.
442 929 446 938 Δ
460 875 591 928 Pulcrum
605 873 634 925 id
644 874 769 942 quidem,
796 871 836 920 in·

33 939 207 1008 dulgentiam
217 938 354 1009 P'rineipis
365 945 606 1011 ingeniomereri:
624 949 729 1010 quanto
740 948 835 993 tamen

33 1009 166 1077 pulcrius,
177 1012 203 1062 si
214 1009 256 1062 i'ta
263 1026 309 1062 res
320 1011 469 1075 familiasis
480 1015 587 1080 exigat„
594 1028 625 1062 se
636 1009 837 1076 ipsumoolere,

32 1082 113 1131 su'um
128 1075 425 1146 genium‘propitiara‚
452 1095 530 1130 suam
548 1080 670 1145 experiri
685 1076 838 1130 liberalita-

33 1145 111 1198 toml
132 1145 227 1198 Adiiee
235 1183 243 1210 ‚
266 1147 340 1214 quod
351 1148 457 1215 poetis,
474 1147 594 1207 simodo
605 1143 720 1214 dignum
733 1142 838 1212 aliquid

34 1215 180 1269 elaborare
191 1219 221 1265 et
231 1216 341 1268 efficere
350 1217 454 1279 velint,
471 1216 654 1283 relinquenda
663 1213 838 1269 conversatio

31 1286 188 1341 amicomm
200 1289 230 1335 et
239 1286 396 1338 iucunditas
406 1286 496 1350 urbis,
506 1285 666 1346 deserenda
676 1289 789 1336 caetere
799 1279 838 1332 el·

31 1355 109 1416 ficia,
125 1357 214 1422 utque
224 1355 282 1427 ipsi
290 1354 596 1419 dicunt,in.nen1oraet
607 1356 688 1415 lucos,
701 1353 729 1403 id
740 1356 800 1414 est,.
808 1351 838 1400 in

31 1419 214 1476 solitudinem
224 1423 411 1490 secedendum
421 1430 473 1476 est

86 1491 122 1544 X.
140 1490 183 1544 Ne
194 1495 290 1560 opinio
301 1493 413 1562 quidem
424 1491 542 1556 etfama,
553 1491 656 1547 euisoli
664 1491 800 1554 serviunt,
810 1497 839 1543 et
899 1523 910 1541 ,ι

34 1560 111 1631 quod
121 1577 206 1620 unum
218 1578 281 1615 esse
291 1564 414 1631 pretium
423 1564 517 1625 omnis
531 1565 575 1617 sui
589 1562 694 1619 laboris
706 1560 840 1623 fatentur,

32 1636 125 1697 aeque
136 1632 235 1697 poetas
246 1648 330 1700 quam
340 1639 469 1697 oratores
479 1632 621 1699 sequitur:
642 1631 773 1699 quoniam
785 1645 840 1695 sne-
912 1687 921 1697 ,

32 1702 147 1754 diocres
162 1707 262 1767 poetas
274 1717 359 1771 ,nemo
370 1703 461 1766 notit,
488 1701 578 1753 bonos
595 1702 682 1768 pauci.
721 1699 839 1761 Quando

32 1765 111 1823 enim
127 1766 333 1825 rarissimarum
347 1772 546 1838 realtationum
562 1769 638 1825 fama
652 1772 681 1821 in
697 1774 786 1820 totam
796 1784 842 1821 ur·
903 1818 908 1823 .

31 1845 101 1893 bem
112 1838 262 1906 penetrati
289 1841 390 1895 nedum
405 1846 438 1893 ut
447 1855 499 1908 per
507 1845 553 1891 tot
562 1841 721 1907 provincias
732 1840 842 1891 innota·

32 1913 107 1963 scat.
143 1912 253 1973 Quotus
264 1914 474 1981 quisque,pum
485 1926 521 1963 ex
532 1911 692 1977 Hispania„
712 1906 756 1959 vel
765 1910 842 1972 Asia,
866 1964 869 1971 ,

30 1995 71 2031 ne
84 1977 149 2045 quid
159 1981 194 2033 de
204 1979 294 2038 Gallis
304 1982 411 2044 nostris
421 1982 584 2047 loquamur,
611 1980 843 2044 inuehemvenit,

30 2047 162 2112 Saleium
172 2045 438 2119 Bassum'requiritl
465 2058 552 2119 atque
566 2047 636 2104 adeo
645 2048 669 2097 si
681 2048 742 2114 quis
752 2051 844 2115 requi.

31 2120 86 2176 rit,
102 2122 134 2176 ut
144 2114 322 2183 semelvidit,
335 2121 437 2172 transit
447 2128 476 2172 et
486 2122 705 2179 contentusast3
723 2122 755 2167 ut
765 2118 790 2167 si
801 2120 844 2183 pi:
926 2164 927 2169 ,

29 2191 149 2260 c'turam
164 2186 286 2266 aliquam
303 2191 348 2240 vel
361 2195 482 2241 statuam
498 2190 626 2245 vidisset
662 2185 759 2253 Neque
768 2186 845 2241 huno
923 2183 925 2187 ’

29 2267 132 2311 meum
160 2270 318 2325 sermonem
328 2260 370 2308 sie
380 2259 467 2325 accipi
476 2258 548 2321 volo,
562 2262 704 2325 tanquan
716 2268 775 2319 eos,
785 2259 845 2324 qui-

28 2325 844 2395 busnaturesuaoratoriumingeniuindenegavit,deter·
872 2332 876 2337 '

30 2410 118 2454 ream
130 2410 147 2443 a
156 2396 340 2466 numinibus,
364 2397 483 2450 simodo
493 2398 523 2451 in
535 2395 587 2450 hae
596 2393 754 2453 studiorum
761 2402 844 2461 porte

30 2466 184 2521 oblectare
195 2463 301 2528 otium,
321 2463 847 2529 etnomeninsenerepossuntsameas
866 2472 870 2481 “

29 2550 95 2606 ego
105 2545 173 2584 vero
190 2549 300 2598 omnem
315 2534 503 2605 eloquentiam
517 2549 668 2601 omnesque
680 2534 740 2585 eius
751 2540 846 2601 partes

28 2618 138 2663 sacras
148 2608 178 2657 et
186 2599 515 2673 venerabileaputoanec
525 2606 615 2658 solum
625 2602 791 2659 cothurnum
801 2620 846 2657 ve-

29 2676 146 2794 '‘2¹¹⁰'’
178 2669 608 2796 aultlheroieicarminissomms,
616 2669 843 2795 uuedlyuicolum

94 2744 203 2796 'acinus
240 2781 247 2798 .
778 2760 781 2766 ¹
