2034 3025
142 83 192 128 aa
225 73 558 138 ‚nrsroamavnr
579 73 864 141 [anomaeos]
896 133 898 136 a
984 145 989 150 ,

156 184 246 249 gionis
257 181 407 244 municipia
418 179 609 230 Mediolanum
621 194 653 230 ac
662 179 810 230 Novariam
822 184 852 230 et
861 182 984 246 Epore-

130 272 133 276 ·
156 251 230 302 diam
241 265 274 313 ac
283 247 442 310 Vercellas,
461 249 622 300 adiunxere.
641 249 669 299 id
682 249 817 312 Caecinae
829 263 879 315 per
890 251 983 316 ipsos

156 324 338 386 compertum.
372 320 417 380 Ei,
432 319 497 385 quia
507 319 648 384 praesidio
659 317 721 368 alae
732 319 816 368 unius
826 319 981 372 latissima

157 405 221 456 pars
237 389 334 440 ltaliae
351 387 464 439 defendi
480 388 625 454 nequibat,
645 388 804 452 praemissis
815 387 988 454 Gallorum,

128 502 131 509 .
155 460 353 510 Lusitanorum
364 458 621 524 Britannorumque
636 455 795 508 cohortibus
810 465 839 508 et
849 457 980 512 Germa-

155 544 256 580 norum
265 527 384 589 vexillis,
395 543 457 578 cum
469 528 516 578 ala
526 527 649 590 Petrina,
664 528 724 592 ipse
733 526 891 592 paullulum
903 543 979 578 cun-

155 603 256 658 ctatus,
271 613 337 646 num
349 595 489 649 Rhaeticis
501 598 573 664 iugis
584 599 612 648 in
624 597 756 648 Noricum
767 595 906 659 flecteret,
922 597 979 648 ad-

155 683 251 719 versus
266 666 443 729 Petronium,
465 665 570 734 [urbis]
586 667 817 728 Procuratorem,
840 667 889 734 qui
906 681 979 717 con·

92 750 94 753 ’
151 739 220 789 ‘citis
231 736 351 797 auxiliis,
368 738 572 803 etinterruptis
584 735 727 788 fluminum
738 736 877 801 pontibus,
893 735 978 786 fidus

156 804 430 883 Othoni'putabatur.
467 805 522 858 Sed
534 812 620 868 metu,
635 820 670 857 ne
677 797 824 860 amitteret
833 806 977 870 praemis·

156 889 202 926 sas
215 875 269 924 iam
282 872 411 926 cohortes
423 875 552 944 alasque,
571 875 654 926 simul
669 880 814 941 reputans,
833 874 898 940 plus
909 874 976 942 glo-

136 940 140 956 '
157 945 217 994 riae
233 948 346 994 retenta
360 944 454 1007 ltalia,
482 948 525 1006 et,
552 946 718 1012 ubicumque
735 949 871 996 certatum
883 941 975 1005 foret,

157 1012 277 1064 Noricos
288 1013 316 1063 in
327 1018 421 1064 cetera
429 1016 564 1067 victoriae
575 1019 699 1080 praemia
709 1028 843 1075 cessuros,
859 1012 974 1064 Penino

84 1092 85 1095 ’
153 1081 360 1148 'subsignanum
370 1084 490 1151 militem
501 1086 615 1148 itinere,
634 1089 663 1135 et
672 1099 757 1151 grave
767 1083 913 1150 legionum
922 1097 974 1152 ag·

112 1173 115 1180 ·
159 1151 358 1203 menbibemis
370 1151 460 1204 adbuc
470 1154 585 1218 Alpibus
596 1154 730 1204 traduxit.

110 1261 120 1278 ,
198 1280 201 1285 p
213 1219 313 1272 LXXI.
350 1219 423 1272 Otho
434 1224 555 1286 interim,
569 1227 668 1274 contra
679 1238 756 1289 spem
767 1221 900 1282 omnium,
911 1235 971 1274 non

159 1288 278 1352 deliciis,
297 1305 387 1358 neque
398 1290 505 1342 desidia
520 1298 690 1358 torpescere.
727 1291 831 1342 dilatae
841 1289 972 1357 volupta-

159 1366 217 1421 tes,
235 1359 409 1411 dissimulata
422 1361 546 1426 luxuria,
565 1367 593 1413 et
608 1367 709 1414 cuncta
724 1362 760 1413 ad
775 1362 906 1412 decorem
917 1360 971 1410 lm·

158 1430 230 1496 perii
251 1431 419 1496 composita·
442 1447 531 1500 eoque
550 1432 613 1498 plus
630 1431 786 1484 formidinis
803 1428 971 1480 adferebant

159 1499 248 1551 falsae
268 1503 386 1553 virtutes
406 1506 435 1554 ct
453 1504 521 1553 vitia
537 1503 669 1554 reditura.
706 1501 827 1553 Marium
848 1497 970 1563 Celsum,

108 1598 118 1615 ι
161 1570 310 1638 Consulem
322 1572 505 1639 designatum,
520 1588 571 1639 per
581 1571 893 1639 speciemm'nculorum,
909 1583 970 1619 sae·

159 1640 247 1692 vitiae
262 1640 382 1706 militum
399 1642 586 1703 subtractum,
615 1642 698 1691 acciri
713 1642 740 1690 in
756 1638 918 1705 capitolium
929 1638 971 1687 iu-

158 1710 217 1761 bet.
254 1710 420 1762 clementiae
431 1712 529 1761 titulus
541 1726 556 1762 e
570 1712 630 1759 viro
642 1710 734 1770 claro,
753 1713 782 1758 et
791 1709 918 1773 partibus
929 1707 971 1757 iu·

125 1841 131 1845 ,
160 1781 235 1840 viso,
254 1780 410 1844 petebatur.
446 1780 558 1839 Celsus,
577 1783 738 1833 constanter
755 1783 883 1826 servatae
902 1789 972 1843 erga

162 1848 281 1899 Galbam
298 1849 363 1899 lidei
375 1849 478 1900 crimen
495 1846 651 1906 confessus,
669 1842 826 1908 exemplum
843 1842 972 1897 ultroin-

161 1918 280 1984 putavit.
317 1917 376 1969 Ncc
387 1914 470 1977 Otho,
487 1918 564 1985 quasi
577 1916 741 1981 ignosceret,
759 1911 817 1973 sed,
834 1927 869 1963 ne
880 1910 972 1966 hostis

162 1991 266 2037 metum
278 1986 511 2037 reconciliationis
527 1982 688 2045 adhiberet,
716 1985 810 2034 statim
822 1983 896 2033 inter
906 1984 973 2033 inti-

161 2069 222 2105 mos
232 2057 336 2105 amicos
345 2054 450 2115 habuit,
467 2059 496 2105 et
506 2068 571 2104 mox
580 2051 657 2103 bcllo
668 2055 742 2104 inter
753 2052 845 2104 Duces
857 2051 973 2119 delegit.

161 2124 320 2189 mansitque
330 2124 429 2185 Celso,
447 2122 526 2174 velut
539 2122 681 2185 fataliter,
700 2125 784 2174 etiam
796 2136 847 2189 pro
858 2119 972 2174 Othone

96 2223 99 2228 ,
162 2192 232 2243 tides
242 2193 352 2259 integra
368 2191 514 2244 etinielir.
550 2194 640 2245 Laeta
656 2194 824 2260 primoribus
841 2191 972 2254 civitatis,

163 2262 307 2313 celebrata
316 2259 455 2329 in'vulgus
466 2263 540 2315 Celsi
555 2264 648 2326 salus,
669 2278 704 2315 ne
715 2261 849 2313 militibus
859 2259 972 2326 quidem

162 2334 274 2398 ingrata
293 2331 361 2395 fuit,
391 2332 509 2385 eandem
528 2335 661 2386 virtutem
681 2332 898 2393 admirantibus,
924 2330 971 2383 cui

162 2402 365 2453 irascebantur.
856 2438 860 2449 ,

214 2469 326 2523 LXXll.
360 2470 498 2523 Perinde
518 2471 669 2523 exsultatio
688 2469 846 2539 disparibus
866 2466 970 2518 caussis

163 2544 328 2604 consecuta,
354 2542 495 2607 inpetrato
514 2542 648 2609 Tigellini
673 2543 769 2593 exitio.
814 2534 970 2603 Sophonius

163 2608 337 2677 Tigellinus,
374 2611 500 2663 obscuris
524 2612 704 2679 parentibus,
742 2608 826 2662 foeda
842 2604 969 2677 pueritia,
