2034 3025
64 125 227 224 Qu
248 123 331 178 cnr.
341 122 464 179 re-ao.
484 127 527 195 [A.
537 128 637 201 v.s17.
656 129 690 200 1,.
702 130 733 184 c.
743 129 793 198 ca]
817 128 870 185 am

63 251 125 287 non
136 240 181 287 est
190 250 208 285 a
217 233 376 285 Corbulone
386 234 506 298 vitatus,
528 240 561 285 ut
572 236 770 296 dissimilitudo
780 236 870 291 fcrtu-

63 320 122 357 nae
132 305 253 373 gloriam
262 308 387 370 augeret
424 302 523 370 Neque
531 305 648 355 infamia
658 305 739 356 Paeti
749 308 870 372 augeba-

64 378 127 425 tur:
148 372 268 440 quod‘eo
278 372 399 432 maxime
410 376 513 438 patuit,
532 376 598 441 quia
607 373 667 427 silio
678 375 749 437 eius,
768 375 869 427 Tribu·
929 406 934 411 -

64 458 115 506 no,
135 443 238 493 ducere
248 441 405 507 manipulos
415 445 500 509 atque
510 446 622 509 operire
633 445 767 512 reliquias
778 444 869 495 malae

64 524 178 593 pugnae
197 511 356 576 imperavit.
391 510 446 561 Die
459 517 542 577 pacta
556 514 686 563 Tiberius
700 511 869 575 Alexander,

63 579 196 631 inlustris
206 578 301 646 Eques
310 578 466 642 Romanus,
488 579 811 643 ministerbellodatus,
840 586 870 632 et
899 600 901 605 ’

64 648 204 701 vivianus
212 646 335 710 Annius,
353 661 442 713 gener
452 648 633 711 Corbulonis,
651 650 774 700 nondum
785 647 870 701 Sena·

63 716 144 769 toris
153 722 258 779 aetate,
278 716 329 767 sed
338 731 389 782 pro
400 717 637 785 Legatotquintae
647 718 754 785 legioni
765 718 870 784 inposi-

64 789 127 849 tus,
147 787 176 836 iu
187 793 281 837 castra
290 786 427 848 Tiridatis
438 802 555 850 venere,
574 786 675 839 honori
686 788 755 849 cius,
773 802 815 848 ac,
833 802 870 839 ne

62 860 209 907 metueret
218 855 347 918 insidias,
365 856 417 907 tali
428 858 557 923 pignore.
577 854 870 921 Vieenidehincequi·
898 850 902 865 ⁸

64 929 113 975 tes
123 923 274 991 adsumpti.
309 926 357 987 Et,
374 926 435 976 vIso
446 926 616 987 Corbulone,
636 925 696 975 Rex
707 925 785 991 prior
796 939 869 991 equo

64 993 197 1045 desiluit:
215 1008 266 1044 nec
275 999 422 1045 cunctatim
433 995 567 1045 Corbulo(
588 993 644 1045 Sed
654 993 739 1059 pedes
749 999 870 1060 uterque
910 1028 912 1033 -

64 1062 183 1114 dextras
192 1063 339 1113 miscuere.

62 1182 70 1185 ,
118 1130 220 1184 xxix.
238 1133 311 1184 Exin
326 1131 468 1185 Romanus
482 1131 582 1182 laudat
595 1134 739 1195 iuvenem,
767 1130 870 1182 occissis

63 1199 275 1269 praemorimur,
293 1208 355 1252 tuta
369 1209 396 1252 et
406 1200 543 1251 salutaria
553 1208 740 1267 capessentem.
775 1200 826 1251 llle
837 1201 870 1251 de

63 1268 209 1323 nobilitate
221 1270 331 1339 generis
340 1270 459 1322 multum
468 1270 630 1335 praefatus,
646 1277 754 1325 ‚cetera
763 1274 871 1337 ternpo-

63 1343 165 1389 canter
175 1339 314 1405 adiungit:
333 1337 681 1406 Iturumquippellcmam
698 1334 870 1406 laturumque

64 1422 162 1461 novum
174 1405 287 1459 Caesari
301 1408 393 1471 decus,
420 1408 601 1459 non'cdverss's
611 1408 780 1460 Parthorum
790 1408 870 1460 rebus

64 1475 209 1546 supplicem
225 1475 382 1530 Arsaciden.
417 1478 490 1528 Tum
508 1478 629 1544 placuit,
658 1477 805 1530 Tiridaten
822 1489 870 1544 po·

64 1563 135 1599 uere
153 1547 228 1613 apud
244 1547 365 1614 effigiem
383 1547 512 1598 Caesaris
530 1548 641 1614 insigne
655 1547 789 1614 Regium,
817 1551 878 1597 nee

64 1617 123 1668 nisi
133 1631 217 1668 manu
227 1616 350 1668 Neronis
361 1631 517 1668 resumere:
544 1622 573 1668 et
583 1617 760 1685 conloquium
772 1615 868 1667 osculo

49 1684 189 1737 diuitum.
232 1686 308 1738 Dein
326 1686 422 1752 paucis
440 1685 541 1737 diebus
561 1687 738 1749 interiectis,
766 1699 870 1751 magna

62 1754 208 1821 utrimque
219 1757 322 1821 specie,
333 1755 399 1806 inde
410 1758 679 1824 eques-compositus
689 1770 741 1823 per
750 1761 869 1818 turmas,

66 1827 98 1874 et
108 1823 265 1889 insignibus
276 1826 386 1890 patriis,
396 1822 462 1875 hinc
472 1827 586 1892 agmina
596 1826 740 1893 legionum
751 1829 869 1886 stetere,

63 1889 241 1958 fulgentibus
261 1894 363 1963 equilis
382 1894 529 1961 signisque
545 1901 575 1945 et
589 1896 745 1947 simulacris
766 1893 869 1955 Deum,

63 1960 219 2012 inmodum
229 1962 336 2027 templi.
372 1961 469 2014 Medio
485 1965 610 2016 tribunal
625 1963 722 2019 sedem
732 1963 869 2024 curulem,

65 2034 97 2081 et
115 2029 199 2082 sedes
218 2031 341 2097 effigiem
360 2029 497 2096 Neronis,
524 2034 691 2086 sustinebat
728 2032 771 2085 dd
785 2047 873 2100 quam·

64 2112 233 2166 progressus
243 2101 402 2164 Tiridates,
430 2103 520 2154 caesis
532 2119 566 2154 ex
577 2119 656 2156 more
665 2104 801 2164 victimis,
825 2118 871 2153 su·

63 2167 173 2218 blatum
192 2171 285 2237 capite
305 2170 434 2221 diadema
452 2173 571 2238 imagini
590 2174 722 2225 subiecit:
759 2172 877 2238 magnis
909 2224 914 2233 ‚

65 2235 140 2302 apud
149 2245 265 2290 cunctos
276 2241 433 2290 animorum
449 2241 586 2305 motibus3
617 2241 870 2310 quosaugebatin·
909 2283 917 2298 s

65 2307 124 2363 sita
140 2305 231 2358 adhuc
250 2308 340 2360 oculis
360 2309 534 2376 exercituum
553 2311 744 2363 Romanorum
769 2309 870 2362 coedes

65 2379 116 2425 aut
126 2375 246 2428 obsidio.
281 2385 313 2428 at
322 2392 393 2430 nune
402 2392 490 2444 versos
500 2392 593 2431 casus:
608 2381 713 2432 ilicium
726 2377 870 2431 Tiridatem

65 2443 186 2496 ostentui
192 2444 329 2513 gentibus,
347 2446 636 2514 quantominusqrmm
646 2448 800 2516 captivum?

118 2512 207 2566 XXX.
218 2513 340 2566 ¹Addidit
358 2517 467 2584 gloriae
487 2517 609 2570 corbulo
629 2519 791 2570 comitatem
807 2529 872 2580 epu·

63 2581 175 2649 leoque:
198 2588 228 2634 et
238 2584 385 2652 rogitante
393 2587 470 2654 Rege
481 2601 605 2654 caussas,
626 2587 758 2654 quotiens
768 2595 872 2634 novum

67 2649 176 2722 aliquid
185 2652 367 2708 adverteram
378 2660 426 2722 ut‚'
444 2657 529 2721 initia
537 2656 697 2726 vigiliarum
707 2669 758 2724 per
769 2652 872 2715 centu·
