2034 3025
189 114 244 172 ³0⁴
416 114 473 167 DE
491 68 764 172 ouaromavs

191 193 980 217 ---—-—-—--—-—----..-.

189 226 247 284 cta,
275 225 359 289 atque
375 220 410 272 ab
426 222 488 287 ipso
497 219 625 288 Principe
635 237 696 274 cum
707 222 831 290 quadarn
842 231 986 280 reverentia

189 292 356 360 diliguntur:
384 290 450 358 quia
461 289 663 356 Vespaeiunua,
690 293 865 345 uenerabilis
875 311 955 348 senex
964 299 1004 362 etl

188 361 473 431 patientissimuavir,
502 359 572 415 bene
587 359 735 428 intelligit,
764 368 880 416 ceteros
891 369 987 434 quiden
1003 367 1004 380 ³

189 434 294 485 amicos
304 447 371 483 euoa
381 430 432 480 niti
442 431 491 494 iia,
520 444 592 496 quae
602 431 637 480 ab
647 431 708 496 ipso
719 435 896 500 acceperint,
920 453 987 504 qnae·

190 517 245 571 que
255 505 307 570 ipsi
318 499 498 552 adcumulare
507 505 543 550 -et
553 500 581 548 in
592 499 663 550 alios
674 515 830 568 congerere
841 501 988 574 promptum
1003 509 1004 566 i

190 577 246 626 est:
267 571 433 624 Marcellum
443 573 536 619 autem
546 577 578 619 et
588 570 725 634 Crispum,
738 570 882 625 adtulisse
893 577 926 626 ud
935 577 988 626 ani·
1003 567 1004 632 l

189 643 284 695 citiam
295 656 387 703 auam,
433 637 489 689 uod
504 651 561 688 nou
575 637 729 704 aPrincipe
744 645 923 708 acceperint,
948 660 987 695 nec
1003 645 1004 688 ἶ

189 713 278 778 accipi
287 711 384 778 possit.
451 708 566 758 inimum
580 707 655 758 inter
666 713 751 760 totae
760 714 846 762 tanta
855 712 943 764 locum
953 715 986 764 ol

189 782 281 832 tinent
291 780 427 846 imagines
437 791 471 827 ao
479 776 557 828 tituli
568 783 597 828 et
607 782 731 842 statuae,
756 794 831 846 quae
842 777 933 851 neque
941 787 985 849 ipsa

188 855 283 900 tamen
294 848 487 914 negliguntur,
516 845 722 910 tainllereule,
750 863 839 914 quarn
851 852 957 905 divitiae
965 858 985 901 et

121 979 126 988 Ι
187 932 265 984 opes,
283 931 352 984 quae
363 913 474 965 facilius
484 916 617 988 invenies,
630 917 678 982 qui
688 917 842 982 vituperet,
862 937 942 989 qnam
951 921 986 988 qui
1003 979 1004 986 ἵ

188 985 324 1039 fastidiat.
343 985 394 1036 llis
404 983 493 1050 igitur
502 990 532 1036 et
540 983 691 1037 honoribus
702 991 732 1038 et
741 993 920 1042 ornamentis
930 989 968 1042 eti
979 1019 987 1029 ·

188 1057 339 1109 cultatibue
350 1053 470 1107 refertas
480 1053 579 1106 domos
590 1070 686 1106 eorum
695 1055 839 1121 ridemus,
871 1063 919 1128 qui
928 1076 954 1112 se
962 1061 988 1111 ab

187 1131 303 1180 ineunte
319 1125 508 1176 adolescentia
525 1126 631 1176 caussis
646 1123 806 1178 forensibus
828 1133 862 1180 et
878 1132 989 1183 oratorio

187 1197 282 1249 etudio
293 1194 439 1246 dederunt.

240 1265 289 1319 lx,
305 1263 376 1316 Nam
387 1261 511 1313 earmina
521 1265 671 1326 etversue,
700 1262 909 1331 quibuetotam
918 1271 990 1320 vitan

187 1337 335 1392 Maternus
354 1334 495 1382 insumere
516 1336 596 1398 optat
617 1331 693 1393 (inde
713 1334 788 1384 anim
809 1340 910 1390 omnis
925 1339 1004 1391 fluxit

187 1406 291 1468 oratio)
310 1417 400 1471 neque
416 1400 580 1466 dignitatem
593 1401 677 1452 ullann
688 1403 856 1456 auctoribus
871 1409 934 1460 suia
945 1424 1004 1466 con-n

187 1479 295 1539 eitiunt,
323 1485 413 1542 neque
431 1470 569 1523 utilitates
586 1471 677 1523 alunt:
695 1471 891 1539 vvoluptatem
910 1471 1004 1531 auten

185 1548 309 1607 brevem,
328 1542 438 1595 laudem
448 1541 560 1592 inanem
570 1547 599 1595 et
607 1541 809 1609 infructuosam
821 1560 997 1619 consequnn·

185 1625 243 1671 tur.
279 1610 524 1676 licetnaecipsa,
553 1615 582 1663 et
591 1626 662 1679 quoe
676 1610 777 1664 deinde
786 1612 925 1669 dicturus
936 1634 996 1679 auu,

186 1701 271 1743 aures
281 1690 357 1747 tuae,
371 1682 510 1743 Materne,
523 1686 665 1747 respuant,
679 1682 723 1732 cui
733 1681 806 1733 bono
818 1691 875 1749 est,
891 1688 1004 1757 qiapud,

185 1764 216 1811 te
225 1759 414 1825 Agamemnon
424 1750 564 1871 autgason
575 1749 681 1802 diserte
690 1750 836 1817 loquitari
883 1758 1004 1810 uisideo

186 1827 301 1881 domum
311 1820 475 1876 defensanti
496 1819 657 1887 iobligatus
665 1818 758 1871 redit!
789 1822 864 1883 Quia
900 1826 1004 1881 alciun}

181 1902 323 1957 nostrum,
342 1890 485 1960 egregium
495 1894 620 1955 poetam,
638 1889 691 1953 vel,
711 1891 734 1940 si
744 1886 1004 1963 hoohonurificen·³

185 1968 243 2018 tius
254 1970 307 2027 est,
320 1960 572 2030 praeclarissimum
582 1963 675 2011 vatem
685 1959 806 2023 deducit,
819 1970 875 2015 aut
887 1967 1004 2027 salutat

184 2028 441 2103 autprosequiturl
465 2028 585 2095 Nempe,
605 2028 829 2094 dumiensem,
851 2036 878 2085 ui
890 2040 1004 2105 propin-2

186 2120 272 2175 quus,
300 2102 324 2152 ei
334 2101 453 2169 denique
463 2099 521 2166 ipse
535 2100 564 2149 in
574 2096 686 2166 aliquod
697 2101 846 2167 negotium
856 2106 999 2166 inciderit,

112 2165 114 2176 ¹
185 2175 224 2229 ad
237 2168 479 2226 hunoSeoundum
493 2173 633 2229 recurret,
661 2182 718 2219 non
733 2166 769 2219 ad
779 2175 824 2231 te,
856 2173 998 2233 Materne,

186 2247 253 2313 quia
261 2244 347 2310 poeta
355 2253 395 2301 es,
406 2252 498 2305 neque
507 2243 541 2289 ut
550 2252 601 2305 pro
613 2251 646 2289 eo
656 2237 865 2292 vereusfaeiaa:
879 2242 917 2297 hi
925 2249 997 2299 etiau

77 2301 84 2313 '
183 2314 274 2369 Basso
284 2308 359 2361 dorni
369 2314 529 2370 nascuntur,
539 2308 627 2374 pulcri
637 2308 999 2384 quidemetiueundizqno

182 2374 515 2435 runitamenhicexitus
526 2383 585 2439 eet,
607 2381 653 2440 ut,
677 2392 738 2427 curn
750 2382 813 2429 toto
826 2394 936 2449 anno,
961 2397 1001 2453 per

183 2461 282 2500 omnes
293 2444 364 2506 dieo,
381 2458 485 2509 nragua
494 2446 618 2496 noctinrn
629 2451 721 2511 purte,
732 2462 819 2497 unum
832 2448 955 2505 librum
966 2468 1004 2504 ax*

181 2514 258 2565 tudit
268 2517 298 2563 et
308 2512 491 2571 elucubravit,
503 2526 607 2579 rogare
616 2514 692 2564 ultro
703 2520 733 2565 ot
743 2516 855 2577 ambire
867 2531 1004 2591 cogatur,

180 2586 215 2631 ut
224 2582 296 2642 sint,
319 2582 367 2648 qui
377 2580 533 2645 dignentur
543 2580 655 2631 audire:
666 2587 708 2641 „et
720 2598 754 2634 ne
765 2582 792 2633 id
805 2588 937 2653 quidem
950 2594 1004 2660 gra]

180 2646 230 2700 tia.
253 2663 319 2701 nam
328 2652 358 2708 et
367 2646 480 2701 domum
489 2652 638 2702 mutuatur
648 2655 678 2702 et
687 2650 864 2707 auditorium
876 2652 1004 2713 exstrui
