2034 3025
158 162 209 217 rou
242 141 547 217 m'sronmnvn
581 151 876 230 [numanam]

157 264 277 326 noritur,
288 266 394 316 censuit
404 266 519 315 Curtius
525 264 684 326 Montanus,
698 273 730 315 ut
739 264 850 316 Pisanis
860 279 959 330 quaqua

156 332 284 388 memoria
294 332 484 384 celebraretur.
519 332 617 382 Patres
627 336 776 397 utrumque
786 335 907 383 iussere:
926 332 959 383 de

116 406 122 413 '
157 398 258 452 Pisone
268 400 380 449 inritum
391 398 452 449 luit.
486 401 559 449 Tum
573 404 649 449 sorte
665 397 749 461 ducti,
764 414 816 465 per
826 399 960 462 quaerul-

157 467 285 519 derentur
295 466 362 518 lello
371 474 462 531 raptu,
475 466 574 532 quique
583 480 648 517 aera
656 467 754 533 legum,
773 474 912 519 vetustate
921 466 961 515 de·

156 534 243 601 lepra,
254 532 574 601 noreerentflgerentque,
585 541 613 583 et
616 532 717 605 sartor,
727 532 885 585 adulatione
897 542 961 583 tem·

151 600 395 672 pararnfaedatar,
413 610 608 661 exonerarent,
627 600 783 663 modumque
794 599 914 666 peribola
923 599 962 651 in·

125 668 141 687 '
153 670 244 735 pentir
253 669 391 739 secuml.
425 667 561 718 Redditur
575 668 671 719 Tertio
691 667 799 718 iuliano
813 666 961 729 hectora,

155 742 220 801 post
240 751 303 787 uam
317 737 444 802 cognitus
458 741 502 785 est
521 735 556 787 ad
574 734 770 801 Vespasianum
786 734 961 799 confugisset

157 752 264 867 Gripiro
274 801 363 853 bonor
371 803 481 853 mansit.
516 801 681 868 Repetiindc
691 803 876 867 cognitionem
889 806 963 852 inter

157 869 317 921 Musonium
327 868 428 921 Rufum
444 875 472 919 et
484 869 513 920 Ρ.
525 870 649 921 Celerem
665 869 777 935 placuit,
798 869 963 920 dansnatus-

158 951 212 1003 que
230 936 343 987 Publius
363 942 393 988 et
412 933 509 987 Sorani
529 938 657 987 Manibus
676 937 860 987 satisfactum.
898 940 964 987 lusi·

157 1006 219 1069 gnis
230 1004 341 1069 publica
349 1007 498 1056 severitate
509 1006 576 1067 dies,
596 1020 632 1056 ne
642 1007 767 1071 privatim
780 1005 894 1070 quidem
906 1005 964 1054 lau·

157 1072 193 1127 de
203 1073 301 1123 caruit.
335 1076 440 1124 lustum
450 1074 580 1123 indicium
596 1074 721 1138 explesse
731 1073 880 1123 Musonius
891 1073 965 1123 ride·

158 1141 254 1191 batur:
275 1140 384 1190 diversa
395 1139 469 1190 fama
478 1141 632 1203 Demetrio,
642 1142 773 1207 Cynicam
784 1144 892 1191 sectam
904 1156 967 1205 pro·

157 1207 246 1268 fesso;
265 1206 340 1271 quod
350 1207 525 1257 manifestum
537 1223 614 1258 reum
625 1210 810 1269 ambitiosius,
821 1222 910 1273 quam
919 1206 969 1258 ho-

158 1277 274 1334 nestius,
295 1273 472 1325 defendisset„
507 1276 563 1340 lpsi
583 1275 681 1326 Publio
701 1290 789 1342 neque
803 1275 920 1326 animus
940 1278 968 1325 in

157 1342 304 1409 periculis,
319 1356 410 1408 neque
421 1343 511 1392 oratio
523 1343 713 1408 suppeditavit.
750 1342 838 1409 Signo
846 1342 970 1394 albionis

157 1413 185 1461 ia
196 1411 372 1461 adcusatcres
383 1408 457 1469 dato,
472 1412 543 1475 petit
553 1424 570 1459 a
579 1412 695 1461 Caesare
704 1411 797 1460 lunius
808 1410 971 1471 Mauricus,

158 1488 190 1531 ut
198 1477 451 1530 comanentarr'orum
460 1476 660 1543 Principalr'um
671 1485 834 1544 patestatem
845 1475 972 1532 Senatui

153 1547 272 1618 faceret,
286 1563 338 1614 per
347 1561 411 1612 pum
420 1553 553 1604 nosceret,
572 1546 767 1611 quemquumque
776 1545 972 1598 adamandam

156 1614 326 1734 poposcigret.
365 1611 561 1668 Casiniensium
579 1611 632 1664 tali
649 1627 728 1680 saper
745 1627 776 1664 re
793 1609 972 1683 Principem,
1015 1659 1016 1662 ,

158 1697 257 1745 respon
277 1685 308 1732 it.

191 1749 265 1800 xm.
300 1748 427 1812 Senatus,
436 1747 628 1801 inchoantibus
639 1748 814 1814 primoribus,
824 1749 975 1802 iusiuran-

159 1817 223 1868 dum
234 1820 367 1882 concepit,
383 1834 436 1884 quo
447 1819 571 1868 certatim
584 1830 678 1868 onrnes
688 1817 884 1882 Magistratus,
896 1825 976 1870 cete-

157 1888 226 1945 ri,ut
235 1887 399 1936 sententiam
411 1886 590 1952 rogabantur,
606 1880 678 1934 Deos
690 1892 769 1935 tester
778 1884 978 1948 advocabant,
1014 1873 1015 1916 l

157 1952 226 2004 nibil
235 1969 283 2017 ape
293 1951 464 2030 ruafactum,
482 1968 533 2018 quo
544 1951 699 2018 coiurqrmm
714 1952 786 2002 ralur
794 1951 978 2016 laederetur,
1013 2013 1014 2016 Ἴ

80 2054 94 2072 «,
156 2034 242 2083 neque
251 2035 280 2070 re
286 2028 499 2083 praeratumaat
508 2019 643 2082 bonorem,
650 2035 685 2083 en
695 2018 853 2070 calamitate
863 2020 979 2073 aicium
1013 2037 1014 2079 l

158 2086 270 2152 cepione
281 2085 396 2148 trepidis
405 2092 434 2136 et
442 2086 527 2135 verba
536 2087 712 2138 iurisiurandi
723 2087 879 2151 pervarias
891 2096 979 2141 artes

157 2153 342 2212 mutantibus,
361 2153 421 2218 quis
437 2153 535 2219 flagitii
546 2155 820 2206 conscientiaincrat.
858 2155 979 2210 Proba.

156 2223 225 2272 bant
235 2221 395 2288 religionem
406 2219 512 2282 Patres,
522 2223 671 2288 periurium
683 2223 845 2289 arguebant.
865 2225 980 2293 anue

156 2290 234 2342 velut
253 2303 370 2342 censura
387 2289 415 2338 in
436 2288 610 2340 Sariolenum
633 2291 768 2342 Voculam
788 2297 818 2341 et
834 2290 980 2349 Nonium

158 2355 462 2406 ActianumetCeatium
469 2355 600 2406 Severum
609 2359 743 2409 acerrime
753 2359 893 2422 incubuit,
906 2376 983 2415 cre.

156 2423 215 2472 bris
230 2421 303 2484 apud
320 2421 456 2472 Neronem
472 2422 656 2474 delationibus
670 2425 798 2476 famosos.
836 2425 982 2482 Sariole·
1010 2463 1011 2484 ;

156 2503 221 2535 num
233 2492 262 2535 et
271 2501 366 2535 recens
377 2491 479 2536 crimen
492 2490 622 2553 urgebat,
644 2492 718 2555 quod
728 2492 800 2556 apud
812 2492 986 2554 Vitellium
1010 2509 1011 2527 ³

156 2553 269 2599 molitus
280 2551 376 2600 eadem
389 2554 470 2604 foret.
505 2569 555 2603 nec
561 2553 668 2606 destitit
678 2557 795 2608 Senatus
809 2575 916 2613 nrunus
926 2567 987 2619 in.

156 2627 263 2668 tentare
273 2616 403 2682 Voculae,
414 2621 501 2671 donec
511 2622 749 2677 curiaexcedcret.
779 2627 821 2679 ed
832 2627 986 2691 Penatium
1009 2595 1010 2677 i
