2034 3025
146 135 224 188 ans
241 137 263 188 1.
283 102 365 186 cnr.
381 131 804 200 aa-ao.-[s.v.a2s.s.c.70.]
847 137 878 187 rr

69 238 154 291 'sibus
169 241 245 292 adire
259 240 349 303 soliti,
376 239 552 306 Pyrenaeum
560 243 599 305 ,et
613 239 696 304 Alpes
712 245 741 290 et
754 241 878 292 inmensa

77 310 184 359 riarum
195 311 285 375 spatia
295 323 379 375 aegre
388 309 439 360 sub
449 309 534 359 armis
544 308 722 359 eniterentur.

130 379 230 430 XXiV.
266 376 461 444 Flagrantibus
480 378 537 427 iam
553 377 672 428 militum
689 377 786 428 animis
801 365 879 429 'arelat
930 369 943 394 ‘

78 444 154 498 faces
169 446 315 498 addiderat
326 447 451 498 Maevius
466 445 591 508 Pudens,
610 460 625 497 e
640 446 772 512 proximis
784 447 877 512 Tigel-

78 513 137 566 lini.
155 517 179 564 is
190 515 399 566 mobilissimum
411 529 546 582 quemque
557 516 677 582 ingenio,
688 518 737 565 aut
746 517 878 580 pecuniae

77 583 217 650 indigum,
236 589 265 634 et
280 586 311 634 -iu
328 599 413 635 novas
429 583 594 648 cupiditates
609 584 787 650 praecipitem
808 583 871 634 adli.

77 652 184 715 ciendo,
203 666 237 704 eo
248 652 394 718 paullatim
406 667 567 718 progressus
579 659 637 715 est,
656 657 688 702 ut
697 665 747 717 per
757 653 876 717 speciem

78 721 208 782 convivii,
226 723 355 786 quotiens
365 720 455 772 Galba
469 721 542 786 apud
558 719 695 772 Othonem
709 720 878 786 epularetur,

78 787 187 858 cohorti
198 790 327 840 excubias
338 791 431 856 agenti
445 792 548 840 viritim
559 795 692 842 centenos
702 803 801 839 numos
812 789 878 840 diri-

76 857 170 909 deret:
192 872 273 923 quam
283 858 507 925 velutpubiicam
519 859 696 925 largitionem
706 855 780 908 Otho
790 871 878 910 seore-

75 926 194 978 tioribus
204 927 275 994 apud
283 927 409 994 singulos
418 929 549 992 praemiis
559 926 735 1002 iqtendebat3
746 926 816 977 adeo
822 926 878 978 ani·

76 1009 170 1046 mosas
186 1003 349 1062 corruptor,
364 1001 397 1046 ut
412 997 527 1046 Cocceio
546 995 681 1056 Proculo,
703 995 878 1059 speculatori,

76 1063 112 1115 de
122 1069 202 1130 parte
212 1058 309 1116 finium
320 1079 382 1115 cum
392 1065 483 1114 ricino
493 1064 655 1131 ambigenti,
672 1065 831 1114 universam
842 1064 884 1119 ri·-

76 1133 131 1184 cini
141 1147 252 1199 agrum,
269 1126 677 1200 suapecuniaemptum,'dono
688 1130 808 1183 dederit:
829 1145 879 1197 per

76 1202 230 1321 qoqclordiam
247 1202 398 1266 Praefecti,
417 1207 580 1269 questracta
594 1201 700 1268 pariter
720 1205 749 1251 et
767 1201 878 1253 occulta

89 1284 107 1320 a
130 1270 221 1322 ebant.
723 1277 731 1303 ·’

102 1333 105 1337 ’
129 1338 217 1390 XXV.
254 1337 311 1390 Sed
332 1343 392 1390 tum
413 1354 428 1390 e
452 1338 560 1390 libertis
581 1339 761 1390 Onomastum
782 1337 878 1390 futuro

77 1405 176 1460 sceleri
192 1407 340 1472 pracfecit,
358 1422 376 1457 a
391 1421 445 1474 quo
455 1408 589 1461 Barbium
600 1406 764 1468 Proculum,
782 1407 879 1458 Tesse-

77 1473 183 1535 ratium
192 1473 407 1541 speculatorum,
417 1481 446 1527 et
456 1475 610 1538 Veturium,
621 1475 768 1540 Optionem
780 1488 878 1527 eorun-

77 1546 155 1605 dem,
178 1544 342 1610 perductos,
360 1549 506 1611 postquam
526 1545 602 1595 vario
619 1557 745 1595 sermone
760 1542 876 1596 callidos

76 1612 251 1681 audacesque
260 1617 397 1679 cognorit,
407 1614 497 1679 pretio
508 1620 537 1664 et
547 1614 689 1680 promissis
695 1612 801 1676 onerat,
812 1612 878 1665 data

75 1682 194 1751 pecunia
204 1682 240 1733 ad
249 1682 448 1748 pertentandos
458 1681 578 1748 plurium
589 1683 703 1733 animos.
726 1678 879 1748 suscepere

76 1752 132 1803 duo
152 1751 340 1819 manipulares
360 1752 509 1818 imperium
530 1752 597 1818 Pop.
613 1752 690 1803 Rom.
710 1750 876 1803 transferen-

75 1820 154 1885 dom3
183 1827 212 1872 et
229 1820 438 1873 transtulerunt
463 1822 509 1873 'ln
531 1820 725 1873 conscientiam
746 1818 878 1873 iocinoris

74 1892 158 1959 pauci
174 1891 284 1955 adsciti,
300 1905 449 1957 suspensos
464 1895 621 1943 ceterorum
640 1891 744 1940 animos
760 1889 877 1941 dirersis

76 1958 184 2009 artibus
202 1959 514 2027 stimulantrprimores
529 1960 661 2021 miiitum,
680 1973 729 2025 per
742 1958 878 2011 beneficia

75 2026 240 2094 Nymphidii
249 2034 283 2079 ut
291 2035 444 2095 suspectos:
461 2015 723 2096 vulgusctceteros,
740 2030 783 2085 ira
794 2031 822 2079 et
832 2027 878 2080 de-

75 2097 234 2162 speratione
249 2096 328 2156 dilati
343 2100 447 2163 totiens
467 2097 598 2154 donativi.
626 2103 720 2161 erant,
738 2111 807 2165 quos
822 2110 878 2148 me·

75 2166 168 2217 moria
176 2163 297 2216 Neronis
306 2180 339 2216 ac
348 2167 517 2219 desiderium
533 2167 633 2233 prioris
644 2165 772 2218 licentiae
783 2180 877 2217 accen·

75 2234 165 2286 deret.
193 2233 222 2283 in
236 2248 381 2287 commune
397 2249 492 2286 omnes
508 2241 585 2287 metu
598 2236 746 2287 mutandae
761 2234 877 2287 miiitiae

76 2301 264 2355 terrebantur.
366 2310 373 2318 ‘
618 2324 627 2362 l

128 2370 227 2428 XXVI.
263 2370 362 2424 iniecit
376 2386 410 2424 ea
424 2373 504 2425 tabes
519 2371 659 2441 legionum
670 2386 780 2443 quoque
792 2376 820 2423 et
830 2388 877 2424 au-

75 2439 207 2495 xiliorum
218 2445 308 2492 motas
315 2442 371 2492 iam
380 2447 495 2504 mentes,
505 2452 649 2509 postquam
657 2444 799 2510 vulgatum
808 2446 877 2503 erat,

76 2510 172 2564 labare
186 2508 344 2562 Germanici
361 2513 498 2563 exercitus
518 2512 608 2563 tidem.
637 2513 762 2577 adeoque
779 2516 878 2577 parata

75 2578 149 2643 apud
159 2578 249 2629 malos
258 2580 367 2644 seditio,
383 2581 549 2647 ctiamapud
561 2583 683 2649 integros
694 2578 877 2630 dissimulatio
975 2592 978 2607 ¹

76 2646 144 2767 iniq,
162 2654 194 2698 ut
203 2652 316 2770 postlero
327 2649 423 2703 iduum
435 2650 480 2703 die
496 2651 657 2714 redeuntem
669 2665 686 2700 a
688 2663 783 2770 lqoena
794 2644 878 2699 Otho·

113 2717 282 2771 ’scmvsl.
475 2735 478 2738 ‘
