2034 3025
50 111 52 120 ·
161 61 804 179 marronam·.[h·V·8²³·A·⁰·⁷⁰·]
865 113 901 167 ⁶⁰

90 219 166 272 mine
193 205 408 283 pulcherrimum
418 203 616 281 amphitheatri
626 228 705 279 opus,
725 217 898 270 situmextra

82 294 200 348 nruros,
217 283 417 352 conflagravit:
436 286 494 336 sive
509 282 545 336 ab
555 285 794 351 oppugnatoribus
809 286 899 338 ineen-

89 371 166 423 sum,
186 355 253 406 dum
263 353 337 406 iaces
355 359 384 406 et
393 352 555 421 glandesao
569 353 702 405 missilem
711 356 803 420 ignem
812 356 842 406 iu
854 355 899 408 ob·

88 439 181 478 sessos
190 423 361 487 inminutum
379 425 436 475 siro
445 425 480 475 ab
491 424 622 486 obsessis,
632 423 698 475 dum
709 429 816 476 retorta
825 425 899 494 inge

79 483 167 548 *runt
204 492 374 560 Municipale
393 493 506 560 vulgus,
527 507 646 559 pronum
665 492 701 544 ad
720 495 915 560 suspiciones,¹

50 579 53 584 ·
89 564 189 618 fraude
205 563 294 616 inlata
308 564 380 630 ignis
395 562 528 614 alimenta
543 561 662 614 eredidit
676 578 694 614 a
707 562 871 630 quibusdam
883 581 898 616 e

89 635 187 685 ricinis
197 631 323 694 coloniis,
335 633 478 684 invidisset
489 632 686 695 aemulatione,
697 633 772 700 quod
782 632 860 684 nulla
869 633 897 683 in

88 703 174 756 ltalia
188 701 276 752 moles
291 707 349 752 tam
360 715 446 768 capax
461 701 545 753 foret.
582 717 820 770 quocunqueoasu
831 703 897 754 acri·

89 772 141 835 dit,
152 771 217 822 dum
228 769 368 823 atrociora
378 772 583 835 metuebantur,
588 774 618 823 in
627 771 680 824 levi
691 770 828 823 habiturn:
839 772 897 824 red·

70 895 71 898 ,
90 841 152 894 dita
161 841 318 903 securitate,
339 846 481 909 tamquam
500 839 570 894 nihil
589 843 703 909 gravius
722 843 781 908 pati
795 843 898 907 potuis·

89 916 161 973 sent,
172 911 342 963 moerebant.
371 911 500 965 Ceterum
512 911 600 963 multo
611 925 724 962 suorum
736 910 899 977 eruorepub

89 996 136 1032 sus
148 981 276 1033 Caecina:
296 985 325 1032 et
333 994 390 1032 nox
400 981 530 1046 parandis
541 982 669 1047 operibus
680 981 836 1046 adsumpta.
854 979 898 1031 Vi·

88 1049 200 1102 telliani
211 1049 323 1117 pluteos
337 1055 483 1117 cratesque
498 1055 528 1101 et
540 1052 634 1102 vineas
650 1048 832 1101 suffodiendis
843 1065 900 1104 mu-

45 1135 48 1146 *
89 1125 137 1181 ris,
152 1118 386 1186 protegendisque
396 1119 646 1186 oppugnatoribus3
657 1116 806 1170 Othoniani
816 1117 900 1173 sudes

90 1195 120 1241 et
129 1190 270 1241 inmensas
285 1188 408 1254 lapidum
419 1204 452 1240 ao
466 1188 573 1255 plumbi
583 1189 711 1256 aerisque
720 1187 820 1251 moles,
841 1201 899 1254 per·

79 1257 244 1328 ‘fringendis
255 1258 459 1326 obruendisque
470 1256 610 1320 hostibus,
621 1258 781 1324 expediunt.
799 1256 900 1308 Vtrim-

90 1344 144 1395 que
155 1327 255 1394 pudor,
282 1329 422 1394 utrimque
432 1327 533 1394 gloria,
556 1333 585 1380 et
595 1328 720 1378 diversae
730 1325 900 1379 exhortatio·
924 1345 930 1351 ·

50 1455 51 1460 ψ
89 1394 902 1517 summm

89 1534 262 1587 tollentium:
281 1534 322 1585 iili
332 1542 365 1586 ut
372 1549 480 1603 segnem
489 1551 525 1586 oe
533 1534 648 1587 desidem
663 1544 691 1585 et
700 1535 773 1587 circo
783 1550 817 1586 ao
827 1532 902 1587 theo·

70 1644 73 1649 .
91 1603 316 1671 trieconruptum
329 1602 461 1664 militm,-
479 1601 508 1653 hi
519 1602 697 1673 peregrinum
716 1612 743 1655 et
758 1612 900 1657 extusum
949 1599 961 1606 ”

88 1673 280 1739 increpabant.
315 1672 901 1736 simulssthouemaoViteiiium‚oelebran·

36 1784 41 1791 .
88 1750 133 1797 tes
143 1742 591 1810 culpantesveuberioribusiuter
599 1742 832 1811 seprobrisquam
841 1743 900 1795 lau·

89 1813 170 1867 dibus
179 1812 403 1866 stimulabantur.

143 1882 233 1935 xxii.
280 1882 402 1936 Vixdum
413 1884 477 1935 orto
488 1882 543 1946 die,
551 1883 635 1949 piena
645 1884 899 1951 propugnatoribus
997 1944 1000 1948 ἱ

8 1963 15 1969 ·
88 1954 216 2007 noenius
234 1950 375 2021 fulgentes
385 1954 471 2005 armis
480 1954 602 2021 virisque
615 1954 715 2020 campis
731 1954 848 2005 densum
862 1953 900 2006 le-

89 2020 204 2091 gionum
215 2038 324 2091 agmen,
331 2038 429 2091 sparsa
438 2022 606 2074 auxiliorum
616 2037 725 2087 manus,
734 2022 837 2076 altiora
843 2038 900 2075 mu·

87 2106 186 2143 rorum
198 2094 308 2159 sagittis
318 2098 369 2144 aut
378 2093 453 2145 saxis
463 2094 615 2145 incessere:
625 2093 761 2161 neglecta,
771 2099 821 2143 aut
830 2106 900 2145 aevo

88 2159 436 2229 ssuxaeominusadgredi.
472 2164 605 2230 ingerunt
618 2163 738 2230 desuper
748 2162 900 2215 Othoniani
922 2227 926 2232 ,

89 2229 158 2299 pila,
168 2229 270 2280 librato
280 2232 368 2297 magis
379 2236 408 2283 e't
418 2236 494 2283 oerto
504 2234 573 2297 ictu,
584 2232 718 2284 adversus
726 2231 901 2284 temeresub-

91 2303 191 2354 euntes
202 2297 331 2351 cohortes
343 2298 560 2365 Germanorum,
580 2307 664 2353 cantu
678 2302 765 2363 ouri,
784 2305 900 2353 etmore

88 2370 183 2439 patrio
194 2369 275 2421 nudis
285 2369 462 2436 corporibus,
480 2384 565 2436 super
579 2369 712 2426 humeros
722 2374 803 2422 scuta
813 2371 901 2439 quati-

73 2440 205 2494 entium.
240 2438 436 2507 Legiouarius,
445 2439 550 2507 pluteis
559 2446 588 2493 et
598 2440 720 2493 cratibus
729 2440 902 2503 teetus‚sub·

87 2512 149 2562 ruit
159 2523 269 2573 muros,
286 2508 401 2559 instruit
409 2523 549 2578 aggerem,
563 2510 679 2562 molitur
689 2515 794 2576 portas.
832 2509 914 2570 conr

87 2585 135 2632 tra
144 2578 321 2633 Praetutiani
331 2578 480 2645 dispositos
489 2579 526 2646 ad
535 2580 564 2631 id
574 2580 664 2645 ipsum
675 2578 798 2630 molares
807 2578 902 2645 ingen·

72 2650 112 2715 pti
123 2650 249 2719 pondere
259 2664 292 2704 ao
301 2647 415 2719 fragore
428 2649 605 2719 provolvunt.
641 2662 708 2719 pars
721 2647 899 2702 subeuntium
