2034 3025
85 155 232 218 cisni.
253 155 467 212 cnr.s⁵-sr.
488 159 646 226 [avar.
664 163 801 231 ncnc]
819 165 870 220 aar

60 284 121 321 nou
133 265 336 330 defensionem,
347 284 404 320 non
415 284 510 320 moras
521 271 642 321 tentarit
649 307 657 332 ,
675 280 821 337 precatus,
840 283 871 328 sst

60 352 136 390 mors
155 337 363 388 acceleraretur.
392 337 490 390 eadem
510 341 673 391 constantia
692 346 721 392 ct
736 341 870 394 inlustres

60 407 182 474 Equites
193 405 334 458 Romanos
350 407 465 473 cupidos
479 414 607 460 maturae
624 409 701 460 necis
712 407 787 460 iecit.
823 411 871 462 Τί·

60 477 134 527 tinrn
150 475 312 540 Proculum,
333 476 477 528 custodem
497 493 515 528 a
530 475 599 530 Silio
621 478 804 530 lilessallinae
823 479 869 532 da·

60 550 138 606 turn,
157 551 187 596 et
202 545 336 596 indicium
352 544 518 598 offerentem
536 545 664 598 Vectium
677 547 825 600 Valentem
840 555 871 602 ct

61 613 240 677 consessum,
260 619 289 666 et
308 615 472 680 Pompeium
492 615 640 679 Vrbicum,
663 633 697 668 ac
715 615 871 670 Sauicllunr

61 681 190 750 'l'ro'gnm
203 699 239 735 ex
249 684 369 735 consciis
381 681 457 735 tralri
472 685 509 735 ad
520 684 682 754 supplicium
692 687 779 738 iubet.
816 687 871 740 De·

61 754 248 822 eiusquoquc
260 753 479 820 Calpurnianus,
494 755 609 822 vigilum
622 755 795 816 Praefectus,
811 755 871 809 Sul·

61 822 154 888 picius
170 821 271 886 Rufus,
290 821 349 873 ludi
368 820 548 888 Procurator,
566 825 666 877 iuncus
686 825 872 894 virgilianus,

62 889 196 953 Senator,
207 891 304 942 eadem
316 904 408 958 poena
419 890 542 944 adiecti.⁴

122 959 249 1012 XXXVI.
268 958 485 1012 SolusMnester
495 966 700 1016 cunctationem
712 965 822 1028 adtulit,
833 964 872 1017 di-

60 1029 169 1082 laniata
178 1033 267 1090 veste,
286 1028 445 1093 clamitans,
464 1031 615 1100 adspiceret
629 1033 769 1086 aerlerura
783 1045 871 1100 notas,

59 1097 281 1151 reminisceretur
291 1098 377 1161 vocis,
392 1115 446 1166 pua
457 1115 484 1150 se
495 1101 639 1153 obnoxium
648 1102 730 1153 iussis
740 1101 872 1156 Messalli-

59 1184 112 1221 rsae
123 1165 247 1220 dedisset.
282 1167 354 1219 Aliis
364 1168 524 1238 largitione,
544 1179 595 1221 aut
605 1170 662 1238 spes'
672 1172 871 1240 uragnituds'rse,
900 1195 904 1202 ·

58 1235 113 1288 sibi
123 1253 157 1288 ex
167 1236 327 1291 necessitate
340 1239 460 1304 cupane:
478 1256 527 1292 nec
541 1239 667 1308 cuiquam
681 1250 746 1293 ante
757 1257 872 1308 pereun-

61 1306 125 1356 dum
138 1305 282 1376 fuisse,‘ss'
297 1305 381 1357 Silius
402 1323 493 1359 reram
509 1309 658 1376 potiretur,
695 1312 869 1362 Connnotunr

60 1373 112 1437 his,
124 1380 153 1426 et
162 1391 278 1442 pronum
291 1376 325 1428 ad
338 1377 553 1428 misericordiam
565 1380 712 1430 Caesarem
723 1380 871 1446 perpulcre

60 1440 168 1509 liberti,
187 1463 233 1508 ne,
252 1454 294 1498 tot
308 1445 468 1517 inlustribus
479 1445 545 1497 airis
555 1447 724 1521 interfectis,
742 1447 872 1500 histrioni

60 1517 262 1567 consuleretur:
281 1525 374 1583 sponte
385 1532 421 1568 aa
432 1525 542 1569 coactus
556 1525 612 1567 taus
622 1534 723 1585 inagna
735 1516 872 1585 peccavis-

59 1592 110 1648 set,
130 1582 201 1637 nihil
210 1585 324 1657 referre.
362 1582 405 1638 Ne
416 1586 514 1637 Trauli
527 1586 638 1653 quidem
649 1586 777 1637 Montani
788 1587 872 1653 Equi·

59 1656 95 1705 tis
108 1656 228 1706 Romani
239 1654 364 1707 defensio
379 1661 493 1721 recepta
504 1662 556 1707 est.
580 1657 604 1706 is
615 1654 741 1707 modesta
751 1659 871 1717 iuventa,
927 1658 933 1667 '

59 1723 110 1777 scd
121 1724 239 1790 corpore
251 1726 368 1790 insigni,
387 1725 491 1776 accitus
512 1724 602 1788 nitro,
620 1730 787 1793 noctemque
797 1726 872 1777 intra

58 1808 145 1844 unam
155 1808 173 1844 a
183 1793 345 1847 Messallina
355 1795 536 1860 proturbatus
547 1801 609 1848 erat
624 1796 735 1863 paribus
752 1796 879 1850 lasciviis,

58 1862 95 1915 ad
107 1863 264 1929 cupidiner'n
275 1869 304 1915 et
314 1862 432 1916 fastidia.
444 1862 531 1915 Suilio
543 1866 709 1929 Caesonino,
721 1872 749 1917 et
760 1866 870 1917 Plautio

17 1963 20 1968 ·
57 1932 201 1985 Laterano
212 1948 287 1983 mors
297 1934 463 1985 remittitur:
486 1933 562 1997 huic,
578 1936 613 1986 ob
625 1934 716 2002 patrui
727 1937 872 2005 egregium

58 2002 205 2053 meritum:
227 2000 397 2059 Caesoninus
411 2004 485 2054 vitiis
499 2011 642 2071 protectus
652 2010 704 2067 est,
720 2010 872 2074 tamquam,

57 2068 151 2125 inilia
164 2069 324 2123 foedissimo
334 2077 426 2135 coetu,
440 2088 540 2139 passus
550 2068 704 2127 muliebria.
866 2087 870 2095 ·

120 2138 263 2193 XXXVII.
286 2142 401 2194 interim
411 2142 575 2195 Messallina
585 2139 758 2197 Lucullianis
769 2146 798 2195 iu
809 2144 873 2197 lior-
955 2156 959 2162 '

58 2212 97 2263 tis
107 2210 252 2277 prolatare
263 2212 357 2274 vitam,
369 2224 536 2278 componere
547 2230 652 2281 preces,
668 2214 805 2267 nonnulla
814 2231 872 2283 spe,
902 2208 906 2227 ⁸

60 2286 90 2335 et
102 2279 254 2347 aliquando
264 2282 319 2333 ira:
337 2284 424 2344 tanta,
439 2284 513 2333 inter
524 2289 658 2347 extrema,
669 2284 799 2350 superbia
808 2300 872 2353 age·

59 2344 118 2402 bat.
138 2352 187 2413 Ac,
197 2351 225 2400 ni
237 2351 350 2433 cpedenr
362 2350 421 2401 eius
432 2349 578 2403 Narcissus
589 2355 801 2420 properarisset,
812 2370 881 2407 ven·
905 2379 909 2387 ·

58 2424 135 2471 terat
145 2421 281 2487 pernicies
295 2421 324 2471 in
340 2426 538 2473 accusatorem.
574 2424 647 2474 Nam
658 2423 805 2488 Claudius,
824 2423 873 2475 cio·

59 2502 136 2539 mum
156 2494 300 2557 regressus
317 2495 346 2541 et
359 2492 533 2557 tempestivis
552 2492 642 2558 epulis
660 2492 803 2558 delinitus,
824 2494 873 2546 ubi

59 2558 123 2609 rino
135 2558 258 2622 incaluit,
268 2558 307 2611 iri
316 2560 403 2622 iubet,
413 2560 590 2629 nuntiarique
599 2560 713 2613 miserae
723 2562 787 2625 (hoc
798 2565 871 2614 enim

58 2627 145 2679 verbo
155 2644 237 2680 usum
248 2628 354 2692 ierunt)
369 2630 507 2682 dicendam
522 2631 560 2682 ad
571 2646 696 2681 caussam
706 2640 817 2697 postera
828 2631 872 2683 die

59 2696 175 2819 ad‘etsset.
200 2698 282 2761 Quod
292 2698 341 2750 ubi
351 2698 477 2751 auditum
488 2707 518 2755 et
526 2700 706 2823 languesgere
715 2701 766 2764 ira,
777 2699 869 2759 redire

85 2771 90 2786 ⁴
122 2780 221 2825 scrrvs
242 2768 264 2821 1.
679 2822 686 2828 ,
740 2790 743 2794 ·
