2034 3025
194 129 450 186 „oritanus
473 109 664 186 0333οῘ30.
694 91 706 117 ’
737 179 745 188 ,
795 135 846 192 333

16 272 18 281 3
38 247 98 304 tur.
135 239 249 291 0333033
265 243 360 290 autem
376 237 498 289 clamore
514 237 669 304 plausuque
681 255 751 306 opus
763 246 848 294 estet

16 320 18 333 ⁸
38 309 119 359 velut
130 307 251 376 quodum
265 304 390 359 theatro:
411 307 505 372 0330133
520 307 644 372 quotidie
655 308 776 376 antiquis
789 323 847 360 030

16 390 17 393 ’
39 379 152 429 toribus
163 377 374 444 contingebant,
385 391 445 426 cum
458 381 503 426 tot
512 376 618 443 pariter
627 375 661 427 30
669 382 727 428 tam
739 378 847 431 nobiles

16 458 18 489 3
37 446 135 498 forum
147 450 339 509 coarctarent,
359 460 423 496 cum
434 443 582 500 clientelae
594 459 703 512 0000333
715 451 745 498 et
754 447 847 499 tribus

15 525 19 559 3
38 521 71 568 33
81 514 295 582 municipiorum
302 515 464 583 legationes
473 528 509 572 30
520 520 614 579 partes
625 514 724 566 ltaliae
739 515 848 582 pericli·

16 598 17 613 3
37 584 167 636 tentibus
184 583 365 636 adsisterent:
388 599 451 636 cum
463 584 491 632 30
507 583 648 649 pinnisque
665 583 775 636 iudiciis
787 599 847 636 cre·

15 665 19 697 3
37 653 122 704 deret
133 653 256 719 Populus
268 653 410 704 Romanus
424 667 476 703 sua
490 653 641 716 interesse,
663 653 728 718 quid
744 653 847 707 iudica·

16 734 18 767 3
37 729 128 775 retur.
165 721 239 774 Satis
255 727 379 784 constat,
402 723 431 773 C.
444 721 606 774 cornelium
619 727 648 772 et
659 721 698 772 Μ.
711 721 844 774 Scaurum

15 806 19 839 ι
38 797 71 844 33
81 792 114 842 Τ.
126 791 262 842 Μ3100333
273 799 303 842 33
312 790 345 843 L.
356 791 482 845 Bestiam
495 796 526 842 et
537 789 567 842 P.
579 789 720 844 Vatinium
733 805 846 842 concur·

16 874 18 901 3
38 875 75 912 30
85 862 172 912 303303
182 861 302 912 civitatis
318 866 348 913 et
362 858 703 912 adcusatosetdefensos:
725 867 757 911 ut
768 859 845 928 frigi·

15 943 20 977 3
38 929 170 994 dissimos
185 943 295 997 quoque
311 936 439 983 oratores
454 932 516 995 ipsa
531 929 666 982 certantis
682 929 777 997 populi
789 937 845 981 stu-

15 1012 19 1045 :
38 998 87 1050 dia
97 1001 220 1051 excitare
232 1005 262 1050 et
271 998 421 1050 incendere
432 999 584 1064 potuerint.

15 1085 19 1115 3
93 1067 153 1119 XL.
171 1069 269 1134 ltaque
286 1067 408 1120 Hercule
424 1067 563 1118 eiusmodi
584 1066 650 1118 libri
672 1071 796 1128 33333333,
814 1075 845 1119 ut

15 1150 20 1182 3
36 1135 95 1202 ipsi
105 1151 230 1204 quoque,
242 1135 298 1202 'qui
314 1139 447 1203 egerunt,
470 1149 526 1186 300
538 1134 601 1186 aliis
613 1135 701 1201 magis
714 1137 846 1188 03333033-

15 1228 20 1255 i
37 1208 91 1258 13333
102 1208 279 1258 censeantur.
307 1205 367 1256 lani
379 1219 446 1255 vero
456 1206 604 1256 conciones
615 1203 748 1258 adsiduae
758 1203 845 1259 etde-

15 1292 19 1311 =
37 1283 99 1326 tum
111 1277 155 1326 ius
166 1273 391 1343 potentissimum
402 1289 538 1342 quemque
548 1273 668 1325 vexandi
684 1280 768 1340 330333
782 1274 845 1340 ipsa

36 1345 248 1412 inimicitiarum
259 1342 364 1411 gloria,
386 1358 447 1396 eum
460 1359 491 1394 se
503 1343 615 1408 plurimi
628 1342 843 1396 disertorum‘ne

15 1430 19 1463 i
36 1427 57 1463 0
68 1411 98 1465 Ρ.
110 1413 222 1479 quidem
234 1411 389 1479 Scipione,
400 1419 450 1464 out
465 1411 557 1474 Sulla,
579 1412 690 1467 autcn.
702 1411 844 1478 Pompeio,

36 1481 222 1545 abstinerent,
231 1487 263 1533 et
272 1481 309 1535 ad
318 1481 500 1542 incessendos
511 1481 649 1551 principes
660 1480 745 1544 viros,
757 1485 789 1531 ut
801 1486 845 1533 est

15 1569 19 1604 ι
37 1556 140 1603 natura
150 1550 280 1615 invidiae,
291 1552 387 1619 populi
397 1566 506 1619 03300333
518 1550 719 1603 adrectioribus
731 1550 844 1602 auribus

36 1625 195 1685 uterentur,
208 1627 346 1688 quantum
356 1621 486 1675 ardorem
497 1619 628 1689 ingeniis,
647 1633 715 1685 quas
726 1617 845 1671 oratori·

16 1709 18 1740 ι
36 1692 91 1741 3303
107 1687 395 1742 sacesadmorebant!
430 1689 493 1741 Non
510 1690 546 1741 de
563 1687 693 1740 otio‘saet
709 1688 843 1756 quietare
860 1714 862 1718 ·

16 1779 19 1810 l
38 1759 190 1824 loquimur,
212 1765 242 1811 et
256 1773 332 1827 0033
348 1758 489 1826 probitate
506 1765 536 1811 et
551 1758 691 1809 modestia
711 1758 844 1826 gaudeam

15 1849 18 1890 l
34 1827 89 1880 sed
100 1833 145 1881 est
158 1842 261 1897 magna
276 1832 333 1881 ista
346 1835 377 1881 et
391 1828 523 1880 notabilis
536 1827 709 1895 3100033333,
730 1827 844 1882 alumna

15 1921 17 1928 ·
35 1891 177 1962 licentiae,
188 1913 271 1967 00330
281 1898 361 1949 stulti
372 1896 523 1950 libertatem
533 1893 679 1961 uocabant,
696 1911 789 1948 comes
802 1910 843 1947 se·
940 1900 947 1955 ζ

16 1985 18 2016 l
36 1966 189 2033 ditionum,
205 1967 337 2021 effrenati
348 1968 442 2035 populi
453 1966 678 2030 incitamentum,
694 1966 844 2019 333301333-

16 2053 18 2084 l
36 2036 113 2102 quio,
124 2040 341 2101 siueservitute,
351 2043 511 2099 contumax,
522 2036 683 2099 temeraria,
695 2035 844 2103 adrogans,

15 2123 18 2142 τ
36 2117 109 2171 quae
120 2106 149 2157 in
155 2105 230 2158 13303
242 2104 401 2159 constitutis
411 2106 570 2160 civitatibus
577 2119 633 2157 non
639 2106 741 2159 oritur.
754 2106 843 2168 Quem
888 2144 892 2151 s

16 2189 18 2222 3
38 2172 115 2224 30330
136 2180 280 2227 oratorem
300 2175 562 2237 lracedaemoniunr,
584 2190 664 2242 quern
680 2176 843 2227 ¹Cretensem

16 2259 18 2288 3
36 2241 214 2308 accepimusi
241 2258 359 2310 quarum
373 2246 518 2297 ciritatunr
534 2244 712 2299 severissima
723 2243 845 2309 discipli·

16 2325 18 2358 l
36 2325 75 2364 00
82 2316 116 2362 ,et
127 2311 321 2364 severissimae
332 2313 411 2381 leges
421 2314 579 2373 traduntur.
602 2312 646 2367 Ne
658 2313 843 2367 Macedonum

16 2393 17 2420 3
37 2380 195 2448 quidenrac
205 2381 369 2445 Persarum,
387 2398 424 2435 ac
457 2382 542 2435 ullius
558 2384 658 2451 gentis,
681 2397 752 2452 0003
765 2384 842 2435 certo
905 2418 912 2425 -

16 2461 17 2478 ¹
37 2451 157 2517 imperio
167 2456 299 2502 contenta
310 2450 405 2518 fuerit,
417 2452 604 2518 eloquentiam
615 2453 756 2519 novimum
772 2450 843 2503 Rho

37 2520 216 2586 diiquidam,
237 2518 423 2575 Athenienses
435 2520 565 2587 plurimi,
588 2526 716 2575 oratores
729 2520 844 2573 exstite-
924 2584 930 2595 1

38 2596 114 2653 runt,
129 2588 204 2657 apud
215 2588 527 2658 0303003330000133,
544 2592 636 2641 omnia
647 2590 770 2659 inperiti,
787 2605 831 2641 om

38 2660 94 2722 nia,
104 2658 139 2712 ui
148 2660 189 2712 sic
198 2660 325 2724 dixerim,
337 2674 434 2713 omues
444 2665 583 2729 poterant.
619 2657 725 2715 Nostra
734 2674 842 2729 quoque
865 2718 868 2734 „
