2034 3025
188 131 245 189 ns
264 86 490 188 eannnnrn
508 131 593 186 cnr.
611 130 737 188 us-ao.
813 126 884 189 ess·

71 312 239 364 stodircntur.

123 379 221 434 xxix.
240 379 369 430 omnium
384 375 483 430 harum
500 376 627 444 gentium
640 377 746 430 virtute
764 375 871 444 praeci·

69 449 227 520 puiBatavi,
248 461 303 500 non
315 447 433 499 multum
449 449 571 513 canipa,
590 445 769 499 sedinsulem
779 445 869 499 Rheni

68 521 158 581 amnis,
169 516 274 581 colunt,
284 519 429 569 cattorum
436 515 575 585 quondam
585 516 706 585 populus
716 522 746 569 et
755 517 869 568 seditio·

69 605 102 642 ne
114 587 262 640 domestica
280 589 309 637 in
326 601 373 639 eas
391 587 472 638 sedes
492 593 698 654 transgressus,
717 589 745 637 in
767 585 869 654 quihus

67 656 376 728 parsliomanilmperii
390 657 498 708 iterent.
534 657 634 709 Manet
647 655 736 708 honos
752 661 782 707 et
799 655 871 707 enti·
894 665 903 675 ⁸

67 741 134 796 quse
144 726 285 776 societatis
296 726 409 793 insigne.
431 740 496 776 nam
506 740 557 778 nec
567 726 680 779 tributis
691 730 870 777 contemnuu·
946 745 955 762 ο

65 803 117 857 tur,
132 809 182 846 nec
192 795 353 860 publicanus
364 795 477 847 adierit.
494 798 615 867 exempti
626 796 758 851 oneribus
766 801 796 847 et
805 808 870 847 eou-

66 865 418 923 lationibus‚ettentu1nin
426 880 507 916 usum
520 865 689 932 proeliorum
699 865 814 932 sepositi
824 878 869 938 γο-

65 933 169 987 lutteia
179 937 263 1001 etque
272 949 361 997 arma,
371 933 452 987 bellis
463 940 651 987 reservantur.
669 936 721 988 Est
730 937 759 986 in
770 934 873 988 eodem-

66 1005 101 1056 eb
148 1005 195 1054 uio
206 1009 235 1055 et
244 1003 442 1054 Mattiacorum
453 1018 531 1068 gens.
550 1003 671 1054 Protulit
681 1007 754 1054 enim
764 1003 870 1072 magni·

63 1072 130 1125 tudo
163 1072 238 1140 opuli
250 1071 368 1121 Romani
378 1070 455 1120 ultra
464 1068 602 1134 Rhenum,
618 1072 750 1139 ultraque
759 1078 871 1124 veteres

48 1143 210 1208 ‚terminum
229 1139 342 1205 imperii
353 1141 545 1192 reverentiam.
581 1139 871 1209 itasedetinibusque

63 1213 93 1264 in
104 1225 153 1266 sua
162 1211 231 1278 ripe,
241 1211 335 1261 mente
345 1209 493 1276 animoque
505 1210 659 1273 nobiscum,
669 1216 765 1278 egunt,
776 1216 871 1262 cetera

63 1281 167 1334 similes
185 1279 314 1342 Batavis,
333 1279 386 1330 nisi
407 1278 482 1346 quod
502 1281 564 1344 ipso
584 1279 674 1331 adhuc
693 1284 787 1333 terrae
802 1294 871 1332 auae

62 1350 124 1403 solo
133 1355 163 1404 et
172 1347 253 1401 coeio·
265 1349 358 1400 acrius
378 1349 549 1398 animantur.
584 1347 646 1399 Non
666 1350 871 1400 numeraverim

60 1421 137 1471 inter
148 1417 314 1471 Germaniae
328 1415 458 1482 populos,
479 1432 645 1486 quamquem
655 1423 735 1469 treus
744 1417 872 1482 Rhenum
892 1433 907 1448 κ

60 1487 276 1555 Danubiumque
290 1485 474 1550 minsederint,
485 1500 544 1551 eos,
575 1484 777 1550 uiliecumetes
787 1499 873 1557 egros

62 1562 224 1611 exerccne'
240 1556 412 1610 Levissimus
431 1558 550 1624 quisque
586 1558 716 1622 allorum,
735 1564 765 1611 et
778 1559 873 1625 inopie

45 1624 47 1627 ’
58 1626 165 1691 audax,
184 1625 286 1679 dubiae
296 1626 478 1692 possessionis
487 1625 579 1678 solum
590 1641 766 1695 occupavere.
801 1628 873 1681 Mox

60 1696 240 1758 linimento,
260 1696 449 1763 promotisque
458 1696 615 1763 praesidiis,
633 1698 712 1749 sinus
719 1697 875 1767 imperitet

58 1763 452 1836 paraprovincieeiiebentur.
597 1798 603 1809 -
971 1819 974 1827 x

67 1845 68 1849 ’
89 1865 91 1873 ·
116 1835 205 1889 XXX.
223 1834 306 1888 Vitre
317 1832 368 1886 hoa
380 1836 454 1887 (initi
474 1836 584 1887 initium
598 1834 875 1905 sedisabiiercyuio
936 1891 940 1900 ,

58 1904 139 1975 snitu
149 1903 291 1967 inchoant,
300 1920 355 1955 non
365 1906 407 1955 ita
417 1904 513 1957 effusis
524 1922 557 1957 ee
566 1905 736 1973 palustribus
745 1907 824 1972 locis,
841 1912 875 1959 ut

58 1979 178 2027 ceterae
187 1974 326 2038 ciuitates,
345 1974 374 2025 in
386 1990 454 2042 quas
465 1974 617 2036 Germania
626 1979 752 2044 patescit.
771 1978 875 2029 durant

56 2042 202 2112 siquidem
223 2040 318 2106 colles,
336 2044 540 2113 pauliatimque
558 2045 714 2098 rarescunt:
735 2050 876 2100 etGattos

55 2126 130 2165 suos
139 2112 229 2165 saltus
239 2113 399 2181 Hercynius
412 2118 591 2183 prosequitur
603 2116 686 2167 simul
696 2124 781 2185 etque
790 2115 875 2183 depo·

54 2184 112 2235 nit.
150 2182 276 2235 Duriore
284 2184 360 2250 genti
370 2196 498 2249 corpora,
513 2185 603 2237 stricti
614 2192 701 2251 artus,
712 2189 807 2239 urinex
816 2184 876 2237 rul-
958 2207 961 2211 ·

53 2258 106 2305 tae
119 2256 150 2305 et
159 2252 252 2305 maior
261 2252 346 2302 animi
360 2254 448 2319 vigor.
484 2254 606 2305 Muinnu
621 2258 749 2319 (utinter
759 2255 875 2308 Germe·

51 2324 125 2385 nos)
136 2321 255 2373 rationis
266 2336 301 2373 ae
309 2320 465 2374 soiiertiae:
483 2337 656 2391 praeponere
666 2324 781 2388 electos,
797 2325 875 2377 eudi-

52 2406 90 2446 τε
122 2390 292 2458 reeposiios‚
306 2405 389 2443 nosse
399 2392 521 2456 ordines,
534 2393 695 2461 intelligere
704 2396 875 2463 occasiones,

52 2462 84 2514 d·
131 2474 179 2513 rre
190 2462 310 2528 inpetus,
321 2459 468 2528 disponere
478 2462 561 2526 diem,
574 2464 679 2517 vallare
689 2468 808 2527 nomem,
820 2462 873 2517 ior·

49 2530 350 2599 mneminterdubia,
369 2533 501 2584 virtutem
515 2534 597 2597 'inter
617 2537 695 2585 certa
713 2545 874 2586 numerares

51 2599 197 2669 quodque
206 2601 389 2665 rarissimum,
397 2602 508 2653 neonisi
516 2605 626 2655 ratione
636 2602 798 2670 discipliuae
808 2614 872 2655 con·
951 2625 954 2628 ¹

50 2682 175 2723 cessum
180 2704 190 2736 ,
207 2668 272 2740 plue
290 2686 426 2759 reponere
439 2672 470 2728 in
484 2671 581 2741 nuce,
593 2686 677 2743 quom
691 2673 723 2727 in
737 2674 874 2729 exercitu.
918 2724 921 2727 ,
