2034 3025
137 143 171 198 os
203 173 205 180 ·
238 137 542 208 ursroulsuvnr
562 140 850 211 [numanam
925 153 929 161 =

138 251 257 319 petebat,
271 250 372 302 vallari
382 255 475 300 castra
484 238 618 316 placuiti'
634 249 662 300 ls
672 247 768 313 labor,
780 247 890 303 urbano
900 257 960 304 mi·

43 327 46 331 '
111 381 115 390 ἱ
136 321 178 373 liti
196 321 338 383 insolitus,
358 320 485 371 contullit
498 314 616 372 animos.
651 319 725 370 Tum
743 321 957 374 vetustissimus

135 392 249 460 quisque
260 393 396 458 castigare
405 387 594 442 credulitatem
603 402 690 450 suant,
699 396 800 440 metum
810 405 844 441 nc
853 390 957 443 discri-

136 461 361 523 msnostendere
377 458 403 510 ri
421 475 482 510 cum
500 457 625 510 exercitu
646 454 774 523 Caecina,
788 459 957 526 patentibus

136 530 246 597 campis,
273 539 332 584 tum
347 543 452 597 paucas
469 527 602 581 cohortes
613 526 843 600 circumfudisset.
879 530 957 583 lam-

136 614 189 669 que
199 601 268 652 totis
278 601 376 652 castris
387 599 506 650 modesti
521 602 679 662 sermones,
698 603 742 661 ct,
760 599 955 652 inserentibus

135 677 165 722 se
184 670 397 722 Centurionibus
415 669 613 736 Tribunisque,
640 668 751 719 laucari
772 667 956 737 providentia

135 738 230 803 Ducis,
248 737 466 806 puodcolonium,
483 737 585 790 uirium
595 741 711 805 etopum
721 737 847 804 ualidam,
863 739 955 799 robur
991 794 996 799 ,

62 855 65 858 .
135 825 168 859 ac
179 809 264 860 sedem
274 808 341 860 bello
351 808 466 878 legisset.
501 808 564 876 lpse
575 812 718 876 postremo
729 807 953 875 Spurinna-'non

35 932 39 936 ,
135 884 191 928 tam
203 878 311 944 culpam
323 879 502 946 exprobrans,
514 892 597 946 quam
608 878 892 943 rationeostendens,
905 895 953 932 rc·

60 995 62 997 .
85 986 97 1002 r
137 947 208 997 lictis
219 947 450 1013 exploratoribus,
466 951 574 1000 ceteros
583 946 756 1000 Placentiam
766 949 890 1012 reduxit,
900 951 952 1001 mi·

136 1032 187 1067 nus
197 1016 326 1069 turbidos
333 1011 370 1070 xet
384 1019 500 1084 imperia
515 1018 693 1084 accipientes.
718 1013 952 1082 ‘solidatimurip

89 1135 91 1145 ,
136 1085 344 1152 propugnacula
354 1087 458 1149 addita,
475 1091 575 1141 auctam
590 1093 692 1150 turres,
709 1088 823 1154 provisa
837 1094 951 1155 paratass

156 1171 189 1207 ue
199 1170 256 1206 non
266 1167 345 1207 arma
354 1155 502 1219 modo,sed
512 1157 674 1277 obscffuium
686 1161 715 1208 et
725 1156 841 1224 parendi
852 1171 949 1221 amor3

137 1170 212 1292 {uon
227 1224 319 1276 solum
333 1224 389 1278 illis
395 1226 529 1293 epartibus
544 1225 580 1278 de
594 1227 649 1289 uit,
668 1241 731 1279 cum
744 1227 856 1278 rimatis
870 1224 949 1278 haud

39 1345 42 1353 ,
136 1291 301 1360 poeniteret.
371 1311 374 1318 ’

189 1365 251 1417 XX.
287 1363 460 1428 AtGaecina,
468 1363 547 1416 velut
555 1363 654 1416 relicta
665 1369 729 1430 post
738 1363 821 1432 Alpes
831 1365 950 1417 saevitia

126 1434 311 1498 collocutio,
346 1434 475 1487 modesto
494 1435 604 1502 agmine
627 1449 677 1500 per
693 1433 806 1487 ltaliam
824 1435 948 1486 incessit.

121 1514 122 1519 ’
137 1506 273 1557 ornatum
292 1505 378 1573 ipsius
397 1505 548 1573 municipia
557 1510 587 1556 et
596 1503 722 1557 coloniae
740 1505 769 1556 in
787 1505 948 1572 superbiam

137 1574 300 1627 trahebantz
320 1574 394 1644 quod
403 1574 574 1627 versicolore
584 1574 692 1641 sagulo,
702 1575 824 1638 braccas,
834 1579 949 1641 tegmen

138 1645 296 1709 barbarum,
314 1646 436 1709 inclutus,
454 1649 566 1713 togatos
577 1645 788 1713 adloqueretur.
822 1644 949 1697 onrem

122 1752 124 1760 s
137 1728 249 1783 quoque
260 1715 329 1777 eius,
348 1714 509 1767 Saloninam
517 1736 532 1777 ,·
543 1711 712 1782 quousquam
721 1715 751 1765 in
763 1713 866 1765 nullius
876 1714 955 1781 iniu-⁴

137 1784 207 1855 riam
220 1783 322 1850 insigni
332 1799 404 1851 equo
416 1789 549 1852 ostroque
560 1782 717 1847 veheretur,
735 1790 876 1852 nmquam
887 1781 949 1833 lae·

89 1899 94 1902 ,
137 1854 160 1903 si
171 1853 373 1919 gravabantur:
400 1852 486 1907 insita
495 1853 661 1905 mortalibus
671 1858 784 1915 natura,
802 1855 948 1905 recentem

136 1920 258 1972 aliorum
273 1920 437 1974 felicitatem
453 1924 546 1990 aegris
560 1922 651 1974 oculis
666 1924 861 1991 introspicere,
887 1922 948 1972 mo·

136 1989 257 2057 dumque
268 1990 399 2061 fortunae
410 2006 427 2042 a
437 1992 524 2043 nullis
535 1992 624 2059 magis
635 1993 761 2059 exigere,
782 2006 864 2059 quam
876 1998 951 2059 quos

120 2106 121 2109 ,
134 2060 164 2110 in
176 2073 266 2126 aequo
275 2060 379 2121 ridere.
416 2060 545 2124 Caecina,
554 2060 660 2113 Padum
670 2065 869 2129 transgressus,
886 2066 950 2112 ten-

134 2134 196 2180 tata
207 2126 431 2183 Othonianorum
441 2130 496 2181 lide
506 2144 557 2197 per
566 2130 745 2198 conloquium
756 2135 786 2183 et
800 2132 951 2197 promissa,

132 2198 233 2251 iisdem
249 2196 375 2265 petitum}
386 2205 534 2269 postquam
549 2213 605 2265 pax
613 2206 642 2251 et
650 2199 801 2251 concordia
813 2200 950 2267 speciosis

113 2272 117 2279 ’
134 2274 164 2320 et
173 2270 264 2319 inritis
275 2270 433 2321 nominibus
443 2270 549 2321 iactata
559 2274 633 2332 sunt,
643 2268 760 2320 consilia
768 2284 907 2336 curasque
918 2270 949 2319 iu

119 2340 372 2406 *oppugnationem
399 2337 561 2391 Placentiae
588 2353 690 2407 magno
707 2342 818 2391 terrore
845 2340 950 2390 vertit:

133 2422 248 2524 gnarus,
265 2413 298 2459 ut
306 2409 388 2460 initia
395 2407 465 2461 belli
476 2408 678 2475 provenissent,
695 2405 839 2459 iamamin
849 2412 950 2461 cetera

145 2490 199 2529 ore.
840 2520 846 2524 .

86 2538 88 2543 '
124 2596 127 2600 ,
184 2544 260 2597 xxi.
297 2542 353 2599 Sed
363 2546 470 2612 primus
480 2543 541 2597 dies
550 2545 649 2611 inpetu
658 2545 757 2613 magis,
775 2558 860 2627 quam
869 2550 951 2598 rete-

134 2616 193 2663 rani
205 2615 343 2667 exercitus
354 2615 477 2677 artibus,
496 2617 666 2666 nnnsactuss
685 2614 775 2681 aperti
784 2614 951 2681 incautique

135 2694 229 2732 muros
240 2682 366 2757 subiere*
375 2684 436 2735 cibo
447 2683 567 2751 unoque
577 2696 752 2753 praegraves.
768 2682 801 2735 lu
811 2696 846 2737 eo
857 2688 952 2736 certa·
1015 2683 1016 2686 ’
