2034 3025
97 154 179 210 ΗΒ.
190 150 241 206 lv.
256 152 339 205 csl’.
358 150 447 205 li-t,
464 149 509 220 [Α.
519 150 552 205 V.
564 152 622 221 776.
640 148 673 205 A.
684 151 714 205 C.
727 151 780 223 alb]
818 150 870 209 ldb

62 261 169 313 toribus
182 261 299 327 speeies.
327 259 465 308 minorum
478 270 589 325 quoqne
600 261 812 326 magistratuum
824 272 870 313 ex·

63 334 151 383 ereita
159 325 299 399 potestas3
315 326 462 395 legesque,
479 330 503 377 si
513 329 668 379 maiestatis
679 330 805 397 quaestio
816 332 871 381 exl-

63 405 196 462 meretur,
212 399 286 450 bunb
301 398 331 447 in
345 412 407 447 usu.
443 395 479 447 At
490 394 631 447 frumenta
641 402 670 449 et
680 398 815 465 pecuniae
827 412 870 451 re.

62 469 192 537 ctigales,
211 474 305 519 cetera
323 466 497 532 publicorum
519 464 669 528 fruetuum,
690 466 869 520 sodetatibos

56 540 190 606 Equitum
200 536 388 587 Romanorum
399 535 585 601 agitabantur.
622 534 677 586 lies
686 550 753 587 sons
764 536 869 589 Caesar

56 607 263 674 spectatissimo
288 606 401 672 cuique,
429 603 596 672 quibusdam
615 604 717 670 ignotis
739 618 774 657 ex
795 604 871 660 fama

56 675 223 737 mandabat;
240 674 383 741 aeurelque
399 673 537 739 adsumpti
558 674 734 737 tenebantur,
754 689 870 741 prorsus

55 749 118 798 sins
135 745 234 807 modo,
253 742 459 811 complerique
473 742 571 793 iisdem
582 746 702 811 negotiis
713 744 871 799 insenesce-

57 819 131 867 rent.
169 813 269 865 Plebes
279 814 336 864 aeri
352 813 463 880 quidem
475 826 585 863 annona
595 811 797 883 fatigabantur:
817 814 869 869 sed

57 884 140 935 nulla
150 885 179 933 in
190 896 224 934 eo
236 882 315 948 eulpa
325 896 360 933 ex
371 880 512 947 Principe:
530 882 597 948 quin
608 882 803 935 infecunditati
814 890 871 937 ter·

57 968 166 1015 rarum,
187 955 236 1002 aut
255 953 362 1017 asperis
376 952 461 1001 maris
480 950 591 1001 obviam
608 952 650 1015 iit,
671 958 804 1019 quantum
820 954 871 1006 im·

59 1021 164 1090 pendis
174 1020 373 1087 diligentiaque
383 1024 502 1086 poterat.
539 1020 589 1083 Et,
603 1035 638 1072 ne
650 1023 808 1087 provinciae
820 1036 868 1077 no·

57 1095 103 1143 ris
114 1091 246 1143 oneribus
255 1091 452 1150 turbarentur,
472 1092 561 1155 utque
578 1095 671 1141 vetera
681 1092 740 1143 sine
751 1094 870 1145 avaritia

60 1166 111 1213 aut
120 1158 289 1212 erudelitate
299 1160 512 1225 magistratuum
524 1158 685 1223 tolerarent,
696 1160 869 1228 providebat.

61 1244 209 1297 corporum
220 1229 346 1290 verbera,
362 1228 552 1294 ademptiones
561 1226 696 1279 bonorum
708 1230 834 1283 aberant.

117 1298 176 1350 Vll.
204 1299 271 1350 Ruri
291 1313 343 1365 per
362 1297 471 1350 ltaliam
493 1297 620 1349 Caesaris
641 1300 713 1367 agri:
743 1300 872 1355 modesta

61 1368 190 1421 servitia:
208 1370 282 1418 intra
292 1381 395 1433 paucus
406 1366 522 1419 libertos
534 1364 644 1417 domus:
663 1382 704 1429 ae,
726 1370 871 1436 siquando

62 1452 127 1490 oum
139 1437 254 1505 privatis
265 1434 440 1501 disceptaret,
450 1435 543 1486 forum
556 1439 584 1486 et
595 1436 646 1485 ius.
674 1436 751 1497 Quas
762 1444 873 1502 cuneta

62 1523 119 1560 non
131 1506 242 1575 quidem
253 1507 325 1557 numi
337 1506 388 1567 via,
398 1504 447 1555 sed
458 1502 588 1555 horridus
599 1519 632 1555 ae
642 1503 805 1572 plerumque
818 1504 873 1558 lor·

62 1578 194 1639 midatus,
214 1575 353 1627 retinebat
363 1579 457 1624 tannen
463 1609 472 1635 ,
490 1573 580 1624 donea
589 1579 679 1626 morte
691 1573 774 1624 Drusi
784 1581 873 1628 terts-

62 1651 176 1699 rentur:
195 1659 270 1706 nam,
280 1644 345 1695 dum
357 1641 506 1710 superfuit,
517 1655 660 1702 mansere;
670 1645 735 1710 quia
745 1641 872 1708 Seianus,

60 1711 874 1838 ‘tulissetisuisitata*sustinuisti22

520 1817 528 1842 9

63 1855 161 1906 erebro
182 1819 317 1920 fluerem,
343 1850 471 1903 ineolumi
489 1849 567 1919 filiu,
593 1850 744 1904 adiutorem
764 1820 874 1921 s'mp'ers‘s'

62 1923 149 1977 olium
168 1921 277 1974 sorori:
296 1929 324 1971 et
339 1929 469 1986 quantum
484 1934 632 1988 superesse,
646 1930 678 1973 ot
687 1923 791 1990 collega
801 1922 873 1974 diro·

62 1994 129 2046 tor!
152 1990 264 2043 Priasus
274 1989 429 2042 dominandi
439 2004 496 2055 spes
505 1987 535 2042 s'ss
545 1989 647 2041 arduo:
665 1991 712 2043 odi
721 1991 758 2043 sis
768 1987 873 2060 ingres·

61 2078 117 2127 sas,
127 2060 220 2114 adesse
229 2059 321 2110 studio
332 2067 360 2110 et
368 2057 515 2110 ministros.
543 2059 758 2124 exstructorium,
777 2069 872 2126 murts

61 2129 218 2203 Praefecti,
228 2136 338 2180 rostra:
353 2128 430 2180 datus
440 2126 469 2178 irs
479 2143 587 2179 umnam
597 2127 710 2182 milites:
728 2125 873 2194 ceraieffi·
956 2183 959 2192 ,

58 2193 872 2341 {titiisomittitiiititttitistil

63 2338 129 2391 bueo
138 2335 307 2400 modestiam,
322 2343 505 2388 nicostratus
516 2343 592 2386 esset.
628 2335 724 2406 Neque
734 2351 808 2400 raro,
825 2351 873 2390 ns·

62 2423 118 2477 que
134 2406 209 2474 apud
228 2420 332 2472 paucos
347 2405 418 2456 talia
432 2405 565 2456 iaciebat:
584 2410 613 2457 et
633 2411 742 2456 secreta
760 2419 871 2474 quoque

64 2480 133 2540 sius,
144 2482 276 2542 surrupta
285 2489 383 2537 uxore,
393 2474 593 2540 prodebantur.

115 2544 190 2599 vill.
208 2543 298 2611 Igitur
309 2542 441 2605 Seianus,
456 2543 652 2616 maturandum
662 2543 756 2603 ratus,
773 2540 874 2606 deligit

63 2629 211 2677 venenum,
222 2628 277 2680 quo
288 2612 434 2680 paullatim
444 2614 602 2678 inrepente,
616 2611 749 2664 fortuitus
760 2608 871 2660 morbus

63 2683 291 2737 adsimularetur.
319 2681 450 2734 idDruss
461 2681 557 2734 datum
573 2695 623 2748 per
632 2678 763 2744 Lygdum
773 2674 882 2746 spade·

12 2792 16 2799 ,
98 2752 268 2816 sionna
