2034 3025
5 213 6 220 κ
49 223 51 228 .
109 176 251 233 urasv.
272 174 461 230 onerans.
481 178 771 247 pl.v.e2n.·n.a70.]
796 176 843 231 nr

13 272 17 276 ’
52 292 145 327 vorum
155 278 295 337 obtinens,
315 283 465 342 utramque
474 276 670 342 Rheni‘n‘parn,
686 292 740 343 quo
751 282 843 329 trneu-
862 318 863 325 ,

51 344 152 397 lent-ior
170 346 231 395 visu
251 344 336 405 foret,
356 344 560 395 Germanorum
580 347 698 395 catervis
713 346 844 411 complet,

52 413 206 463 adsultante
226 427 277 479 per
286 428 398 479 campos
417 415 520 477 equite.
557 411 645 464 Simul
659 428 746 463 naves
756 415 784 462 in
796 414 842 463 ud·

51 495 156 532 uersum
174 494 285 532 ornnem
305 481 469 547 agebantur.
504 480 578 531 Hine
592 486 788 532 veteranarum
799 496 842 533 eo·

50 546 169 606 hortium
179 549 274 614 sigua,
295 549 359 599 inde
372 547 556 613 depromptae
572 549 649 611 siluis
658 550 762 600 lucisve
771 549 841 600 fero·

50 631 110 668 rum
123 618 270 683 imagines,
289 622 322 665 ut
337 618 441 682 cuique
454 618 533 683 genti
547 618 619 667 inire
633 618 771 684 proelium
781 632 841 669 mos

51 691 109 747 est,
118 687 206 734 mixta
213 685 281 736 bebi
291 684 379 734 civilis
391 686 557 750 externique
568 684 842 751 faeieobstupefeos·

49 757 114 803 rant
123 754 262 803 abrasos.
282 758 312 803 et
327 768 405 818 spem
421 755 640 819 oppugnantium
656 756 778 820 augebat
788 768 843 804 anr-

48 819 155 888 plitudo
174 820 250 881 valli,
271 821 356 887 quod,
376 821 483 871 duabus
502 820 662 887 legionibus
682 825 777 884 situm,
795 824 842 872 vix

50 887 622 955 quinquemillinarmatorumtuebantur.
656 889 712 941 Sed
722 892 841 941 lixarum

48 956 206 1018 multi-tudo,
225 959 341 1008 turbata
356 971 424 1023 pace
438 956 512 1007 illuc·
520 962 705 1025 congregata,
724 965 752 1009 et
767 959 841 1021 bello

10 1055 12 1068 .
48 1024 291 1088 arinistraade‘rat.
341 1044 351 1086 j
430 1048 431 1051 ¹
730 1039 733 1043 ·
777 1079 781 1087 ,

106 1091 205 1143 xxln.
225 1092 294 1143 Pars
304 1100 469 1156 castrorum,
483 1096 514 1143 in
525 1093 623 1144 collem
634 1094 738 1145 leniter
748 1109 843 1145 exsur-

47 1172 130 1226 gens:
139 1174 205 1226 pars
216 1162 459 1228 aequo-adibatur.»
473 1162 582 1229 quippo,
593 1163 648 1213 illis
658 1159 781 1213 hibernis
793 1164 841 1213 ob-

47 1226 136 1277 sideri
153 1231 296 1296 premique
317 1230 495 1292 Germanias,
512 1233 653 1297 Angustus
669 1231 841 1282 crediderat:

47 1310 139 1362 neque
148 1313 271 1364 unquam
281 1298 310 1348 id
320 1300 466 1360 malorum,
476 1304 509 1348 ut
520 1302 708 1365 oppugnatum
720 1299 795 1349 ultro
806 1300 843 1350 le·

47 1364 147 1429 giones
157 1371 270 1417 nostras
279 1369 418 1418 venirent.
452 1366 521 1415 lude
536 1381 592 1417 non
603 1368 673 1427 loco,
685 1380 776 1431 neque
787 1382 844 1417 mu*

46 1432 180 1481 nimentis
190 1432 270 1483 labor
280 1434 404 1486 additus:
422 1436 465 1484 ris
476 1438 506 1483 et
516 1448 594 1483 arma
604 1436 674 1483 satis
687 1434 843 1497 placebant.
899 1475 906 1480 .

45 1498 151 1550 Batavi
159 1499 438 1568 Transrhenanique,
457 1515 513 1570 quo
524 1500 646 1552 daneta
655 1502 844 1554 virtus‘mani-

47 1566 150 1617 sestius
165 1574 363 1633 spectaretur„
375 1570 433 1623 sibi⁴
449 1584 577 1637 quaeque
592 1585 661 1637 gens
676 1571 844 1632 consistunt,

48 1632 348 1688 eminuslacessentes.
367 1625 444 1701 Pon,
454 1639 502 1688 nbi
513 1637 645 1704 pleraque
656 1639 776 1688 telorum
787 1645 844 1688 tur·

46 1702 130 1753 ribus·
138 1703 283 1770 pinnisque
292 1707 435 1756 moenium
448 1708 536 1772 inrita
546 1705 709 1768 haerebant,
725 1705 845 1756 etdesu

45 1784 100 1836 per
109 1773 186 1823 saxis
196 1772 423 1836 vulnerabantur,
434 1775 556 1826 clamore
568 1779 652 1841 atque
662 1775 760 1840 inpetu
770 1776 845 1824 inva-
911 1802 913 1806 ·

46 1839 234 1904 sere-vallum,
243 1840 381 1909 adpositis
391 1844 518 1910 plerique
530 1843 622 1905 scolis,
640 1843 686 1894 alii
698 1858 749 1908 per
758 1847 846 1894 testu·
881 1841 883 1846 ’

46 1902 143 1956 dinem
161 1923 283 1972 suqrurn.
311 1911 542 1978 scandebantque
557 1914 614 1962 iarn
636 1912 756 1978 quidam,
775 1925 846 1973 earn,-

44 1972 150 2039 gladiis
161 1981 190 2027 et
201 1991 342 2028 armornm
356 1979 468 2031 incussu
482 1982 673 2046 praecipitati,
692 1980 806 2031 sudibus
817 1988 847 2030 et
859 1987 861 1992 ’

43 2042 119 2108 pilis·
125 2043 289 2108 obruuntur,
299 2047 477 2112 praeferoces
487 2050 571 2099 initio
582 2053 613 2099 et'
621 2049 704 2100 rebus
715 2048 845 2100 secundis
934 2050 939 2062 ³

42 2108 137 2161 nimii.
173 2111 231 2164 Sed
246 2119 305 2164 turn
319 2117 445 2180 praedae
456 2116 585 2183 cupidine
601 2118 845 2184 adversaquoque

42 2177 217 2230 tolerabant
252 2181 398 2234 Machinas
414 2186 509 2246 etiam,
528 2185 673 2237 insolitum
691 2187 755 2246 sibi,
774 2185 844 2236 ausi

30 2245 167 2298 nec-ulla
175 2249 245 2314 ipsis
255 2251 385 2302 solertia:
395 2252 531 2320 perfugae
540 2255 695 2320 captivique
707 2254 845 2304 docebant
882 2247 893 2257 ⁸

39 2320 163 2377 struere
177 2320 312 2370 materias
325 2321 354 2369 in
369 2320 480 2371 modurn
491 2323 608 2386 pontis,
627 2335 692 2372 tuor
712 2321 845 2372 subiectis

37 2383 118 2434 rotis
129 2386 302 2452 propellere:
320 2393 354 2438 ut
368 2389 416 2447 alii
431 2395 635 2455 superstantes,
654 2397 795 2456 tamquam
808 2402 843 2439 ex

36 2466 160 2518 aggere,
170 2455 392 2522 proeliarentur3
403 2473 467 2522 pars
477 2457 555 2508 intus
567 2459 667 2510 occulti
677 2472 771 2509 muros
781 2458 843 2507 sub-

34 2527 170 2573 ruerent.
194 2520 250 2576 Sed
261 2538 378 2574 excussa
387 2525 498 2575 balistis
507 2541 576 2577 saxa
585 2533 709 2577 stravere
721 2526 842 2579 informs

34 2603 129 2653 opus:
149 2594 180 2640 et
194 2595 286 2641 crates
300 2593 451 2658 vineasque
470 2596 635 2658 parantibus
656 2596 770 2646 adactae
784 2599 842 2646 tor·
870 2595 871 2598 ’

5 2727 6 2731 ¹
32 2657 411 2714 mentisardentesbastae=
430 2661 560 2732 ultroque
569 2665 623 2732 ipsi
634 2669 842 2734 obpugnatores
