<?xml version="1.0" encoding="UTF-8"?>
<!DOCTYPE html PUBLIC "-//W3C//DTD XHTML 1.0 Transitional//EN"
    "http://www.w3.org/TR/xhtml1/DTD/xhtml1-transitional.dtd">
<html xmlns="http://www.w3.org/1999/xhtml" xml:lang="en" lang="en">
 <head>
  <title>
</title>
<meta http-equiv="Content-Type" content="text/html;charset=utf-8" />
  <meta name='ocr-system' content='tesseract 3.04.00' />
  <meta name='ocr-capabilities' content='ocr_page ocr_carea ocr_par ocr_line ocrx_word'/>
</head>
<body>
  <div class='ocr_page' id='page_1' title='image "./ccorneliitaciti00socigoog/ccorneliitaciti00socigoog_0722.png"; bbox 0 0 2034 3025; ppageno 0'>
   <div class='ocr_carea' id='block_1_1' title="bbox 151 109 863 184">
    <p class='ocr_par' dir='ltr' id='par_1_1' title="bbox 151 109 863 184">
     <span class='ocr_line' id='line_1_1' title="bbox 151 109 863 184; baseline 0.003 -12"><span class='ocrx_word' id='word_1_1' title='bbox 151 117 258 172; x_wconf 83' lang='lat' dir='ltr'><strong>1an</strong></span> <span class='ocrx_word' id='word_1_2' title='bbox 275 109 408 171; x_wconf 76' lang='lat' dir='ltr'><strong>scaro.</strong></span> <span class='ocrx_word' id='word_1_3' title='bbox 426 117 528 172; x_wconf 76' lang='lat' dir='ltr'><strong>vrrs</strong></span> <span class='ocrx_word' id='word_1_4' title='bbox 547 119 632 184; x_wconf 75' lang='lat' dir='ltr'><strong>cnr.</strong></span> <span class='ocrx_word' id='word_1_5' title='bbox 650 119 773 174; x_wconf 77' lang='lat' dir='ltr'><strong>tr-te.</strong></span> <span class='ocrx_word' id='word_1_6' title='bbox 808 117 863 174; x_wconf 79' lang='lat' dir='ltr'><strong>au</strong></span> 
     </span>
    </p>
   </div>
   <div class='ocr_carea' id='block_1_2' title="bbox 40 222 933 2776">
    <p class='ocr_par' dir='ltr' id='par_1_2' title="bbox 40 222 933 2776">
     <span class='ocr_line' id='line_1_2' title="bbox 69 222 865 292; baseline -0.006 -13"><span class='ocrx_word' id='word_1_7' title='bbox 69 241 112 280; x_wconf 85' lang='lat' dir='ltr'><strong>ors</strong></span> <span class='ocrx_word' id='word_1_8' title='bbox 121 225 191 292; x_wconf 86' lang='lat' dir='ltr'><strong>vulgi</strong></span> <span class='ocrx_word' id='word_1_9' title='bbox 203 225 268 276; x_wconf 82' lang='lat' dir='ltr'><strong>Dux</strong></span> <span class='ocrx_word' id='word_1_10' title='bbox 277 223 420 291; x_wconf 78' lang='lat' dir='ltr'>Agricola:</span> <span class='ocrx_word' id='word_1_11' title='bbox 440 222 664 290; x_wconf 74' lang='lat' dir='ltr'><strong>comparantibus</strong></span> <span class='ocrx_word' id='word_1_12' title='bbox 674 225 780 287; x_wconf 84' lang='lat' dir='ltr'><strong>cunctis</strong></span> <span class='ocrx_word' id='word_1_13' title='bbox 789 225 865 291; x_wconf 79' lang='lat' dir='ltr'><strong>rigo·</strong></span> 
     </span>
     <span class='ocr_line' id='line_1_3' title="bbox 67 288 864 360; baseline -0.006 -12"><span class='ocrx_word' id='word_1_14' title='bbox 67 310 131 358; x_wconf 84' lang='lat' dir='ltr'><strong>rom,</strong></span> <span class='ocrx_word' id='word_1_15' title='bbox 150 293 332 346; x_wconf 90' lang='lat' dir='ltr'><strong>constantiam</strong></span> <span class='ocrx_word' id='word_1_16' title='bbox 344 297 373 344; x_wconf 90' lang='lat' dir='ltr'><strong>et</strong></span> <span class='ocrx_word' id='word_1_17' title='bbox 388 297 540 360; x_wconf 79' lang='lat' dir='ltr'><strong>expertum</strong></span> <span class='ocrx_word' id='word_1_18' title='bbox 549 288 633 343; x_wconf 80' lang='lat' dir='ltr'><strong>bellis</strong></span> <span class='ocrx_word' id='word_1_19' title='bbox 646 294 781 356; x_wconf 91' lang='lat' dir='ltr'><strong>animum,</strong></span> <span class='ocrx_word' id='word_1_20' title='bbox 800 306 864 343; x_wconf 83' lang='lat' dir='ltr'><strong>cum</strong></span> 
     </span>
     <span class='ocr_line' id='line_1_4' title="bbox 66 360 862 432; baseline -0.006 -16"><span class='ocrx_word' id='word_1_21' title='bbox 66 365 158 416; x_wconf 88' lang='lat' dir='ltr'><strong>inertia</strong></span> <span class='ocrx_word' id='word_1_22' title='bbox 167 369 196 414; x_wconf 92' lang='lat' dir='ltr'><strong>et</strong></span> <span class='ocrx_word' id='word_1_23' title='bbox 206 361 354 414; x_wconf 83' lang='lat' dir='ltr'><strong>formidine</strong></span> <span class='ocrx_word' id='word_1_24' title='bbox 365 367 533 417; x_wconf 87' lang='lat' dir='ltr'><strong>ceterorum.</strong></span> <span class='ocrx_word' id='word_1_25' title='bbox 569 360 862 432; x_wconf 73' lang='lat' dir='ltr'><strong>quibussermolribus</strong></span> 
     </span>
     <span class='ocr_line' id='line_1_5' title="bbox 66 429 862 499; baseline -0.005 -15"><span class='ocrx_word' id='word_1_26' title='bbox 66 434 128 488; x_wconf 84' lang='lat' dir='ltr'><strong>satis</strong></span> <span class='ocrx_word' id='word_1_27' title='bbox 150 435 260 482; x_wconf 88' lang='lat' dir='ltr'><strong>constat</strong></span> <span class='ocrx_word' id='word_1_28' title='bbox 279 431 433 481; x_wconf 86' lang='lat' dir='ltr'><strong>Domitiani</strong></span> <span class='ocrx_word' id='word_1_29' title='bbox 457 445 567 499; x_wconf 83' lang='lat' dir='ltr'><strong>quoque</strong></span> <span class='ocrx_word' id='word_1_30' title='bbox 589 445 672 482; x_wconf 87' lang='lat' dir='ltr'><strong>aures</strong></span> <span class='ocrx_word' id='word_1_31' title='bbox 689 429 862 494; x_wconf 81' lang='lat' dir='ltr'><strong>verberatas,</strong></span> 
     </span>
     <span class='ocr_line' id='line_1_6' title="bbox 67 499 864 568; baseline -0.005 -15"><span class='ocrx_word' id='word_1_32' title='bbox 67 503 126 554; x_wconf 89' lang='lat' dir='ltr'><strong>dum</strong></span> <span class='ocrx_word' id='word_1_33' title='bbox 136 502 255 566; x_wconf 89' lang='lat' dir='ltr'><strong>optimus</strong></span> <span class='ocrx_word' id='word_1_34' title='bbox 265 501 382 568; x_wconf 85' lang='lat' dir='ltr'><strong>quisque</strong></span> <span class='ocrx_word' id='word_1_35' title='bbox 394 500 557 552; x_wconf 87' lang='lat' dir='ltr'><strong>libertorum</strong></span> <span class='ocrx_word' id='word_1_36' title='bbox 569 514 664 552; x_wconf 85' lang='lat' dir='ltr'><strong>amore</strong></span> <span class='ocrx_word' id='word_1_37' title='bbox 675 503 704 552; x_wconf 88' lang='lat' dir='ltr'><strong>et</strong></span> <span class='ocrx_word' id='word_1_38' title='bbox 713 499 782 561; x_wconf 85' lang='lat' dir='ltr'><strong>lide,</strong></span> <span class='ocrx_word' id='word_1_39' title='bbox 801 513 864 566; x_wconf 83' lang='lat' dir='ltr'><strong>pes·</strong></span> 
     </span>
     <span class='ocr_line' id='line_1_7' title="bbox 66 566 864 635; baseline -0.006 -12"><span class='ocrx_word' id='word_1_40' title='bbox 66 572 122 624; x_wconf 79' lang='lat' dir='ltr'><strong>sint</strong></span> <span class='ocrx_word' id='word_1_41' title='bbox 132 571 301 635; x_wconf 76' lang='lat' dir='ltr'><strong>malignitate</strong></span> <span class='ocrx_word' id='word_1_42' title='bbox 312 575 340 620; x_wconf 88' lang='lat' dir='ltr'><strong>et</strong></span> <span class='ocrx_word' id='word_1_43' title='bbox 351 569 448 631; x_wconf 83' lang='lat' dir='ltr'><strong>livore,</strong></span> <span class='ocrx_word' id='word_1_44' title='bbox 459 584 577 635; x_wconf 90' lang='lat' dir='ltr'><strong>pronum</strong></span> <span class='ocrx_word' id='word_1_45' title='bbox 588 568 773 622; x_wconf 85' lang='lat' dir='ltr'><strong>deterioribus</strong></span> <span class='ocrx_word' id='word_1_46' title='bbox 783 566 864 618; x_wconf 85' lang='lat' dir='ltr'><strong>Prin·</strong></span> 
     </span>
     <span class='ocr_line' id='line_1_8' title="bbox 65 635 863 707; baseline -0.006 -15"><span class='ocrx_word' id='word_1_47' title='bbox 65 641 146 704; x_wconf 84' lang='lat' dir='ltr'><strong>cipem</strong></span> <span class='ocrx_word' id='word_1_48' title='bbox 157 637 381 690; x_wconf 75' lang='lat' dir='ltr'><strong>exstimulabant.</strong></span> <span class='ocrx_word' id='word_1_49' title='bbox 417 636 464 690; x_wconf 82' lang='lat' dir='ltr'><strong>sic</strong></span> <span class='ocrx_word' id='word_1_50' title='bbox 472 638 603 707; x_wconf 80' lang='lat' dir='ltr'><strong>Agricola</strong></span> <span class='ocrx_word' id='word_1_51' title='bbox 614 638 697 688; x_wconf 88' lang='lat' dir='ltr'><strong>simul</strong></span> <span class='ocrx_word' id='word_1_52' title='bbox 712 638 768 687; x_wconf 92' lang='lat' dir='ltr'><strong>suis</strong></span> <span class='ocrx_word' id='word_1_53' title='bbox 777 635 863 687; x_wconf 84' lang='lat' dir='ltr'><strong>virtu·</strong></span> 
     </span>
     <span class='ocr_line' id='line_1_9' title="bbox 64 705 864 828; baseline -0.003 -68"><span class='ocrx_word' id='word_1_54' title='bbox 64 710 142 828; x_wconf 54' lang='lat' dir='ltr'><strong>fibss’</strong></span> <span class='ocrx_word' id='word_1_55' title='bbox 150 707 232 758; x_wconf 90' lang='lat' dir='ltr'><strong>simul</strong></span> <span class='ocrx_word' id='word_1_56' title='bbox 241 707 317 758; x_wconf 78' lang='lat' dir='ltr'><strong>vitiis</strong></span> <span class='ocrx_word' id='word_1_57' title='bbox 325 706 455 772; x_wconf 87' lang='lat' dir='ltr'><strong>aliorum,</strong></span> <span class='ocrx_word' id='word_1_58' title='bbox 464 708 493 760; x_wconf 90' lang='lat' dir='ltr'><strong>in</strong></span> <span class='ocrx_word' id='word_1_59' title='bbox 503 711 590 778; x_wconf 91' lang='lat' dir='ltr'><strong>ipsam</strong></span> <span class='ocrx_word' id='word_1_60' title='bbox 600 705 719 776; x_wconf 84' lang='lat' dir='ltr'><strong>gloriam</strong></span> <span class='ocrx_word' id='word_1_61' title='bbox 730 719 864 775; x_wconf 77' lang='lat' dir='ltr'><strong>praeceps</strong></span> 
     </span>
     <span class='ocr_line' id='line_1_10' title="bbox 64 782 673 845; baseline -0.002 -18"><span class='ocrx_word' id='word_1_62' title='bbox 64 792 97 845; x_wconf 82' lang='lat' dir='ltr'><strong>ag</strong></span> <span class='ocrx_word' id='word_1_63' title='bbox 130 782 202 828; x_wconf 83' lang='lat' dir='ltr'><strong>atur.</strong></span> <span class='ocrx_word' id='word_1_64' title='bbox 502 820 509 826; x_wconf 93' lang='lat'><strong><em>.</em></strong></span> <span class='ocrx_word' id='word_1_65' title='bbox 562 787 570 796; x_wconf 89' lang='lat'><strong><em>‘</em></strong></span> <span class='ocrx_word' id='word_1_66' title='bbox 671 832 673 835; x_wconf 13' lang='lat' dir='ltr'>v</span> 
     </span>
     <span class='ocr_line' id='line_1_11' title="bbox 112 842 865 917; baseline -0.003 -19"><span class='ocrx_word' id='word_1_67' title='bbox 112 845 196 898; x_wconf 85' lang='lat' dir='ltr'><strong>XLll.</strong></span> <span class='ocrx_word' id='word_1_68' title='bbox 223 845 328 900; x_wconf 79' lang='lat' dir='ltr'><strong>Aderat</strong></span> <span class='ocrx_word' id='word_1_69' title='bbox 351 849 407 900; x_wconf 92' lang='lat' dir='ltr'><strong>iam</strong></span> <span class='ocrx_word' id='word_1_70' title='bbox 426 862 530 912; x_wconf 85' lang='lat' dir='ltr'><strong>annus,</strong></span> <span class='ocrx_word' id='word_1_71' title='bbox 557 859 612 917; x_wconf 78' lang='lat' dir='ltr'><strong>quo</strong></span> <span class='ocrx_word' id='word_1_72' title='bbox 632 842 865 900; x_wconf 84' lang='lat' dir='ltr'><strong>Proconsulatum</strong></span> 
     </span>
     <span class='ocr_line' id='line_1_12' title="bbox 62 914 865 984; baseline 0 -17"><span class='ocrx_word' id='word_1_73' title='bbox 62 916 138 968; x_wconf 82' lang='lat' dir='ltr'><strong>Asiae</strong></span> <span class='ocrx_word' id='word_1_74' title='bbox 144 914 288 969; x_wconf 82' lang='lat' dir='ltr'><strong>etdlricae</strong></span> <span class='ocrx_word' id='word_1_75' title='bbox 298 917 454 981; x_wconf 87' lang='lat' dir='ltr'><strong>sortiretur,</strong></span> <span class='ocrx_word' id='word_1_76' title='bbox 465 923 494 970; x_wconf 89' lang='lat' dir='ltr'><strong>et</strong></span> <span class='ocrx_word' id='word_1_77' title='bbox 505 921 596 970; x_wconf 90' lang='lat' dir='ltr'><strong>occiso</strong></span> <span class='ocrx_word' id='word_1_78' title='bbox 603 919 695 968; x_wconf 78' lang='lat' dir='ltr'><strong>Civica</strong></span> <span class='ocrx_word' id='word_1_79' title='bbox 704 931 802 984; x_wconf 89' lang='lat' dir='ltr'><strong>nuper,</strong></span> <span class='ocrx_word' id='word_1_80' title='bbox 811 929 865 967; x_wconf 78' lang='lat' dir='ltr'><strong>nee</strong></span> 
     </span>
     <span class='ocr_line' id='line_1_13' title="bbox 60 985 866 1052; baseline -0.002 -15"><span class='ocrx_word' id='word_1_81' title='bbox 60 985 202 1052; x_wconf 77' lang='lat' dir='ltr'><strong>Agricolae</strong></span> <span class='ocrx_word' id='word_1_82' title='bbox 223 987 368 1037; x_wconf 89' lang='lat' dir='ltr'><strong>eonsilium</strong></span> <span class='ocrx_word' id='word_1_83' title='bbox 389 986 500 1048; x_wconf 85' lang='lat' dir='ltr'><strong>deerat,</strong></span> <span class='ocrx_word' id='word_1_84' title='bbox 520 1003 572 1038; x_wconf 86' lang='lat' dir='ltr'><strong>nec</strong></span> <span class='ocrx_word' id='word_1_85' title='bbox 590 986 753 1037; x_wconf 88' lang='lat' dir='ltr'><strong>Domitiano</strong></span> <span class='ocrx_word' id='word_1_86' title='bbox 773 999 866 1036; x_wconf 85' lang='lat' dir='ltr'><strong>exem·</strong></span> 
     </span>
     <span class='ocr_line' id='line_1_14' title="bbox 60 1053 865 1122; baseline -0.002 -18"><span class='ocrx_word' id='word_1_87' title='bbox 60 1054 143 1122; x_wconf 90' lang='lat' dir='ltr'><strong>plum.</strong></span> <span class='ocrx_word' id='word_1_88' title='bbox 189 1053 336 1104; x_wconf 78' lang='lat' dir='ltr'><strong>Accessere</strong></span> <span class='ocrx_word' id='word_1_89' title='bbox 363 1055 476 1121; x_wconf 90' lang='lat' dir='ltr'><strong>quidam</strong></span> <span class='ocrx_word' id='word_1_90' title='bbox 503 1056 703 1120; x_wconf 85' lang='lat' dir='ltr'><strong>cogitationum</strong></span> <span class='ocrx_word' id='word_1_91' title='bbox 727 1053 865 1120; x_wconf 81' lang='lat' dir='ltr'><strong>Principis</strong></span> 
     </span>
     <span class='ocr_line' id='line_1_15' title="bbox 59 1121 865 1191; baseline -0.004 -16"><span class='ocrx_word' id='word_1_92' title='bbox 59 1124 148 1190; x_wconf 87' lang='lat' dir='ltr'><strong>periti,</strong></span> <span class='ocrx_word' id='word_1_93' title='bbox 162 1121 364 1188; x_wconf 66' lang='lat' dir='ltr'><strong>qui,fiturusue</strong></span> <span class='ocrx_word' id='word_1_94' title='bbox 376 1129 450 1174; x_wconf 88' lang='lat' dir='ltr'><strong>esset</strong></span> <span class='ocrx_word' id='word_1_95' title='bbox 460 1123 486 1172; x_wconf 90' lang='lat' dir='ltr'><strong>in</strong></span> <span class='ocrx_word' id='word_1_96' title='bbox 499 1123 683 1190; x_wconf 79' lang='lat' dir='ltr'><strong>provinciam,</strong></span> <span class='ocrx_word' id='word_1_97' title='bbox 701 1121 777 1172; x_wconf 91' lang='lat' dir='ltr'><strong>ultro</strong></span> <span class='ocrx_word' id='word_1_98' title='bbox 787 1122 865 1191; x_wconf 79' lang='lat' dir='ltr'><strong>Agri·</strong></span> 
     </span>
     <span class='ocr_line' id='line_1_16' title="bbox 59 1191 864 1260; baseline -0.004 -16"><span class='ocrx_word' id='word_1_99' title='bbox 59 1192 146 1244; x_wconf 90' lang='lat' dir='ltr'><strong>colam</strong></span> <span class='ocrx_word' id='word_1_100' title='bbox 157 1193 372 1260; x_wconf 81' lang='lat' dir='ltr'><strong>interrogarent.</strong></span> <span class='ocrx_word' id='word_1_101' title='bbox 400 1207 435 1243; x_wconf 86' lang='lat' dir='ltr'><strong>ac</strong></span> <span class='ocrx_word' id='word_1_102' title='bbox 448 1193 537 1258; x_wconf 88' lang='lat' dir='ltr'><strong>primo</strong></span> <span class='ocrx_word' id='word_1_103' title='bbox 554 1191 689 1243; x_wconf 85' lang='lat' dir='ltr'><strong>occultius</strong></span> <span class='ocrx_word' id='word_1_104' title='bbox 700 1193 821 1258; x_wconf 87' lang='lat' dir='ltr'><strong>quietem</strong></span> <span class='ocrx_word' id='word_1_105' title='bbox 833 1195 864 1242; x_wconf 86' lang='lat' dir='ltr'><strong>et</strong></span> 
     </span>
     <span class='ocr_line' id='line_1_17' title="bbox 58 1261 864 1328; baseline -0.001 -15"><span class='ocrx_word' id='word_1_106' title='bbox 58 1263 144 1313; x_wconf 90' lang='lat' dir='ltr'><strong>otium</strong></span> <span class='ocrx_word' id='word_1_107' title='bbox 154 1261 281 1325; x_wconf 87' lang='lat' dir='ltr'><strong>laudare,</strong></span> <span class='ocrx_word' id='word_1_108' title='bbox 299 1277 365 1314; x_wconf 85' lang='lat' dir='ltr'><strong>nrox</strong></span> <span class='ocrx_word' id='word_1_109' title='bbox 374 1276 487 1328; x_wconf 87' lang='lat' dir='ltr'><strong>operam</strong></span> <span class='ocrx_word' id='word_1_110' title='bbox 499 1276 577 1312; x_wconf 89' lang='lat' dir='ltr'><strong>suam</strong></span> <span class='ocrx_word' id='word_1_111' title='bbox 588 1262 618 1312; x_wconf 91' lang='lat' dir='ltr'><strong>in</strong></span> <span class='ocrx_word' id='word_1_112' title='bbox 628 1261 807 1328; x_wconf 87' lang='lat' dir='ltr'><strong>adprobanda</strong></span> <span class='ocrx_word' id='word_1_113' title='bbox 817 1275 864 1312; x_wconf 75' lang='lat' dir='ltr'><strong>cx·</strong></span> 
     </span>
     <span class='ocr_line' id='line_1_18' title="bbox 58 1329 862 1398; baseline -0.005 -14"><span class='ocrx_word' id='word_1_114' title='bbox 58 1333 199 1384; x_wconf 84' lang='lat' dir='ltr'><strong>cusatione</strong></span> <span class='ocrx_word' id='word_1_115' title='bbox 210 1330 322 1384; x_wconf 80' lang='lat' dir='ltr'><strong>offerre:</strong></span> <span class='ocrx_word' id='word_1_116' title='bbox 333 1337 539 1398; x_wconf 80' lang='lat' dir='ltr'><strong>postramanuu</strong></span> <span class='ocrx_word' id='word_1_117' title='bbox 550 1331 606 1381; x_wconf 88' lang='lat' dir='ltr'><strong>iarn</strong></span> <span class='ocrx_word' id='word_1_118' title='bbox 617 1331 734 1393; x_wconf 85' lang='lat' dir='ltr'><strong>obscuri,</strong></span> <span class='ocrx_word' id='word_1_119' title='bbox 745 1329 862 1380; x_wconf 83' lang='lat' dir='ltr'><strong>suaden-</strong></span> 
     </span>
     <span class='ocr_line' id='line_1_19' title="bbox 56 1400 862 1468; baseline -0.007 -14"><span class='ocrx_word' id='word_1_120' title='bbox 56 1406 99 1454; x_wconf 81' lang='lat' dir='ltr'><strong>tes</strong></span> <span class='ocrx_word' id='word_1_121' title='bbox 114 1401 197 1452; x_wconf 72' lang='lat' dir='ltr'><strong>mmul</strong></span> <span class='ocrx_word' id='word_1_122' title='bbox 211 1405 418 1468; x_wconf 84' lang='lat' dir='ltr'><strong>terrentesque,</strong></span> <span class='ocrx_word' id='word_1_123' title='bbox 432 1406 601 1466; x_wconf 80' lang='lat' dir='ltr'><strong>&#39;pertraxere</strong></span> <span class='ocrx_word' id='word_1_124' title='bbox 616 1401 651 1451; x_wconf 91' lang='lat' dir='ltr'><strong>ad</strong></span> <span class='ocrx_word' id='word_1_125' title='bbox 662 1400 862 1450; x_wconf 85' lang='lat' dir='ltr'><strong>Domitianum.</strong></span> 
     </span>
     <span class='ocr_line' id='line_1_20' title="bbox 55 1467 884 1539; baseline -0.005 -17"><span class='ocrx_word' id='word_1_126' title='bbox 55 1471 102 1539; x_wconf 84' lang='lat' dir='ltr'><strong>qul</strong></span> <span class='ocrx_word' id='word_1_127' title='bbox 112 1475 225 1537; x_wconf 78' lang='lat' dir='ltr'><strong>paratus</strong></span> <span class='ocrx_word' id='word_1_128' title='bbox 236 1469 422 1533; x_wconf 83' lang='lat' dir='ltr'><strong>simulationi,</strong></span> <span class='ocrx_word' id='word_1_129' title='bbox 441 1470 469 1521; x_wconf 91' lang='lat' dir='ltr'><strong>in</strong></span> <span class='ocrx_word' id='word_1_130' title='bbox 480 1470 672 1538; x_wconf 81' lang='lat' dir='ltr'><strong>adrogantiam</strong></span> <span class='ocrx_word' id='word_1_131' title='bbox 688 1467 863 1537; x_wconf 85' lang='lat' dir='ltr'><strong>compositus,</strong></span> <span class='ocrx_word' id='word_1_132' title='bbox 880 1476 884 1482; x_wconf 86' lang='grc'><strong>’</strong></span> 
     </span>
     <span class='ocr_line' id='line_1_21' title="bbox 54 1539 863 1607; baseline -0.005 -14"><span class='ocrx_word' id='word_1_133' title='bbox 54 1546 84 1593; x_wconf 87' lang='lat' dir='ltr'><strong>et</strong></span> <span class='ocrx_word' id='word_1_134' title='bbox 99 1540 189 1591; x_wconf 87' lang='lat' dir='ltr'><strong>audiit</strong></span> <span class='ocrx_word' id='word_1_135' title='bbox 207 1554 303 1607; x_wconf 86' lang='lat' dir='ltr'><strong>preces</strong></span> <span class='ocrx_word' id='word_1_136' title='bbox 319 1541 486 1604; x_wconf 83' lang='lat' dir='ltr'><strong>excusantis,</strong></span> <span class='ocrx_word' id='word_1_137' title='bbox 506 1546 543 1602; x_wconf 85' lang='lat' dir='ltr'><strong>et,</strong></span> <span class='ocrx_word' id='word_1_138' title='bbox 564 1555 627 1591; x_wconf 92' lang='lat' dir='ltr'><strong>cum</strong></span> <span class='ocrx_word' id='word_1_139' title='bbox 641 1539 797 1600; x_wconf 84' lang='lat' dir='ltr'><strong>adnuisset,</strong></span> <span class='ocrx_word' id='word_1_140' title='bbox 812 1540 863 1607; x_wconf 83' lang='lat' dir='ltr'><strong>agi</strong></span> 
     </span>
     <span class='ocr_line' id='line_1_22' title="bbox 52 1606 862 1677; baseline -0.006 -15"><span class='ocrx_word' id='word_1_141' title='bbox 52 1610 107 1662; x_wconf 89' lang='lat' dir='ltr'><strong>sibi</strong></span> <span class='ocrx_word' id='word_1_142' title='bbox 123 1611 227 1676; x_wconf 83' lang='lat' dir='ltr'><strong>gratias</strong></span> <span class='ocrx_word' id='word_1_143' title='bbox 243 1624 341 1675; x_wconf 88' lang='lat' dir='ltr'><strong>passus</strong></span> <span class='ocrx_word' id='word_1_144' title='bbox 351 1614 405 1661; x_wconf 89' lang='lat' dir='ltr'><strong>est:</strong></span> <span class='ocrx_word' id='word_1_145' title='bbox 425 1625 477 1661; x_wconf 86' lang='lat' dir='ltr'><strong>nec</strong></span> <span class='ocrx_word' id='word_1_146' title='bbox 492 1609 604 1661; x_wconf 87' lang='lat' dir='ltr'><strong>erubuit</strong></span> <span class='ocrx_word' id='word_1_147' title='bbox 612 1609 741 1677; x_wconf 87' lang='lat' dir='ltr'><strong>beneficii</strong></span> <span class='ocrx_word' id='word_1_148' title='bbox 751 1606 862 1658; x_wconf 76' lang='lat' dir='ltr'><strong>inuidia</strong></span> 
     </span>
     <span class='ocr_line' id='line_1_23' title="bbox 52 1676 861 1744; baseline -0.006 -13"><span class='ocrx_word' id='word_1_149' title='bbox 52 1678 189 1731; x_wconf 86' lang='lat' dir='ltr'><strong>salarium</strong></span> <span class='ocrx_word' id='word_1_150' title='bbox 199 1684 302 1741; x_wconf 86' lang='lat' dir='ltr'><strong>tamen,</strong></span> <span class='ocrx_word' id='word_1_151' title='bbox 317 1676 513 1731; x_wconf 88' lang='lat' dir='ltr'><strong>Proconsulari</strong></span> <span class='ocrx_word' id='word_1_152' title='bbox 522 1678 634 1730; x_wconf 85' lang='lat' dir='ltr'><strong>solitum</strong></span> <span class='ocrx_word' id='word_1_153' title='bbox 645 1677 751 1743; x_wconf 78' lang='lat' dir='ltr'><strong>offerri,</strong></span> <span class='ocrx_word' id='word_1_154' title='bbox 763 1682 792 1730; x_wconf 84' lang='lat' dir='ltr'><strong>et</strong></span> <span class='ocrx_word' id='word_1_155' title='bbox 802 1679 861 1744; x_wconf 81' lang='lat' dir='ltr'><strong>qui-</strong></span> 
     </span>
     <span class='ocr_line' id='line_1_24' title="bbox 52 1746 882 1815; baseline -0.007 -14"><span class='ocrx_word' id='word_1_156' title='bbox 52 1748 171 1801; x_wconf 87' lang='lat' dir='ltr'><strong>busdam</strong></span> <span class='ocrx_word' id='word_1_157' title='bbox 183 1762 241 1800; x_wconf 87' lang='lat' dir='ltr'><strong>ase</strong></span> <span class='ocrx_word' id='word_1_158' title='bbox 259 1749 321 1814; x_wconf 86' lang='lat' dir='ltr'><strong>ipso</strong></span> <span class='ocrx_word' id='word_1_159' title='bbox 340 1763 510 1810; x_wconf 85' lang='lat' dir='ltr'><strong>concessum,</strong></span> <span class='ocrx_word' id='word_1_160' title='bbox 530 1746 677 1815; x_wconf 79' lang='lat' dir='ltr'><strong>Agricolae</strong></span> <span class='ocrx_word' id='word_1_161' title='bbox 696 1762 752 1799; x_wconf 89' lang='lat' dir='ltr'><strong>non</strong></span> <span class='ocrx_word' id='word_1_162' title='bbox 772 1746 882 1799; x_wconf 51' lang='lat' dir='ltr'><strong>dedita</strong></span> 
     </span>
     <span class='ocr_line' id='line_1_25' title="bbox 52 1816 863 1887; baseline -0.002 -18"><span class='ocrx_word' id='word_1_163' title='bbox 52 1819 115 1883; x_wconf 83' lang='lat' dir='ltr'><strong>sive¹</strong></span> <span class='ocrx_word' id='word_1_164' title='bbox 131 1816 254 1881; x_wconf 81' lang='lat' dir='ltr'><strong>offensus</strong></span> <span class='ocrx_word' id='word_1_165' title='bbox 273 1833 327 1869; x_wconf 91' lang='lat' dir='ltr'><strong>non</strong></span> <span class='ocrx_word' id='word_1_166' title='bbox 349 1819 480 1887; x_wconf 89' lang='lat' dir='ltr'><strong>petitum,</strong></span> <span class='ocrx_word' id='word_1_167' title='bbox 500 1819 557 1870; x_wconf 86' lang='lat' dir='ltr'><strong>sire</strong></span> <span class='ocrx_word' id='word_1_168' title='bbox 572 1832 606 1869; x_wconf 84' lang='lat' dir='ltr'><strong>ex</strong></span> <span class='ocrx_word' id='word_1_169' title='bbox 621 1817 798 1877; x_wconf 89' lang='lat' dir='ltr'><strong>conscientia,</strong></span> <span class='ocrx_word' id='word_1_170' title='bbox 817 1831 863 1877; x_wconf 85' lang='lat' dir='ltr'><strong>ne,</strong></span> 
     </span>
     <span class='ocr_line' id='line_1_26' title="bbox 52 1883 863 1956; baseline -0.001 -20"><span class='ocrx_word' id='word_1_171' title='bbox 52 1886 130 1956; x_wconf 85' lang='lat' dir='ltr'><strong>qrrod</strong></span> <span class='ocrx_word' id='word_1_172' title='bbox 141 1892 278 1950; x_wconf 83' lang='lat' dir='ltr'><strong>vetuerat,</strong></span> <span class='ocrx_word' id='word_1_173' title='bbox 288 1887 430 1941; x_wconf 85' lang='lat' dir='ltr'><strong>videretur</strong></span> <span class='ocrx_word' id='word_1_174' title='bbox 441 1889 551 1939; x_wconf 77' lang='lat' dir='ltr'><strong>emises.</strong></span> <span class='ocrx_word' id='word_1_175' title='bbox 587 1886 734 1953; x_wconf 89' lang='lat' dir='ltr'><strong>Proprium</strong></span> <span class='ocrx_word' id='word_1_176' title='bbox 748 1883 863 1937; x_wconf 76' lang='lat' dir='ltr'><strong>humani</strong></span> 
     </span>
     <span class='ocr_line' id='line_1_27' title="bbox 51 1955 863 2026; baseline -0.002 -18"><span class='ocrx_word' id='word_1_177' title='bbox 51 1958 159 2023; x_wconf 85' lang='lat' dir='ltr'><strong>ingenii</strong></span> <span class='ocrx_word' id='word_1_178' title='bbox 171 1963 222 2021; x_wconf 83' lang='lat' dir='ltr'><strong>est,</strong></span> <span class='ocrx_word' id='word_1_179' title='bbox 233 1959 334 2021; x_wconf 86' lang='lat' dir='ltr'><strong>odisse,</strong></span> <span class='ocrx_word' id='word_1_180' title='bbox 343 1972 424 2026; x_wconf 87' lang='lat' dir='ltr'><strong>quern</strong></span> <span class='ocrx_word' id='word_1_181' title='bbox 435 1956 563 2009; x_wconf 85' lang='lat' dir='ltr'><strong>laeseris:</strong></span> <span class='ocrx_word' id='word_1_182' title='bbox 575 1955 727 2007; x_wconf 86' lang='lat' dir='ltr'><strong>Domitiani</strong></span> <span class='ocrx_word' id='word_1_183' title='bbox 737 1970 805 2007; x_wconf 81' lang='lat' dir='ltr'><strong>vero</strong></span> <span class='ocrx_word' id='word_1_184' title='bbox 816 1970 863 2006; x_wconf 88' lang='lat' dir='ltr'><strong>na-</strong></span> 
     </span>
     <span class='ocr_line' id='line_1_28' title="bbox 49 2026 864 2095; baseline -0.002 -18"><span class='ocrx_word' id='word_1_185' title='bbox 49 2032 119 2077; x_wconf 88' lang='lat' dir='ltr'><strong>tura</strong></span> <span class='ocrx_word' id='word_1_186' title='bbox 129 2041 260 2094; x_wconf 85' lang='lat' dir='ltr'><strong>praeceps</strong></span> <span class='ocrx_word' id='word_1_187' title='bbox 271 2029 299 2077; x_wconf 91' lang='lat' dir='ltr'><strong>in</strong></span> <span class='ocrx_word' id='word_1_188' title='bbox 310 2030 391 2091; x_wconf 84' lang='lat' dir='ltr'><strong>iram,</strong></span> <span class='ocrx_word' id='word_1_189' title='bbox 401 2032 436 2090; x_wconf 87' lang='lat' dir='ltr'><strong>et,</strong></span> <span class='ocrx_word' id='word_1_190' title='bbox 448 2042 502 2095; x_wconf 89' lang='lat' dir='ltr'><strong>quo</strong></span> <span class='ocrx_word' id='word_1_191' title='bbox 514 2027 670 2089; x_wconf 87' lang='lat' dir='ltr'><strong>obscurior,</strong></span> <span class='ocrx_word' id='word_1_192' title='bbox 682 2040 716 2078; x_wconf 89' lang='lat' dir='ltr'><strong>eo</strong></span> <span class='ocrx_word' id='word_1_193' title='bbox 725 2026 864 2077; x_wconf 82' lang='lat' dir='ltr'><strong>inrevoca-</strong></span> 
     </span>
     <span class='ocr_line' id='line_1_29' title="bbox 51 2093 862 2165; baseline -0.002 -19"><span class='ocrx_word' id='word_1_194' title='bbox 51 2094 153 2157; x_wconf 90' lang='lat' dir='ltr'><strong>bilior,</strong></span> <span class='ocrx_word' id='word_1_195' title='bbox 173 2098 365 2151; x_wconf 79' lang='lat' dir='ltr'><strong>moderatione</strong></span> <span class='ocrx_word' id='word_1_196' title='bbox 382 2103 476 2149; x_wconf 87' lang='lat' dir='ltr'><strong>tamen</strong></span> <span class='ocrx_word' id='word_1_197' title='bbox 495 2097 698 2165; x_wconf 83' lang='lat' dir='ltr'><strong>prudentisque</strong></span> <span class='ocrx_word' id='word_1_198' title='bbox 715 2093 862 2164; x_wconf 79' lang='lat' dir='ltr'><strong>Agricolae</strong></span> 
     </span>
     <span class='ocr_line' id='line_1_30' title="bbox 49 2164 933 2234; baseline -0.002 -19"><span class='ocrx_word' id='word_1_199' title='bbox 49 2164 226 2215; x_wconf 83' lang='lat' dir='ltr'><strong>leniebatur:</strong></span> <span class='ocrx_word' id='word_1_200' title='bbox 245 2167 310 2232; x_wconf 77' lang='lat' dir='ltr'><strong>&#39;quia</strong></span> <span class='ocrx_word' id='word_1_201' title='bbox 321 2182 375 2217; x_wconf 90' lang='lat' dir='ltr'><strong>non</strong></span> <span class='ocrx_word' id='word_1_202' title='bbox 387 2168 570 2228; x_wconf 83' lang='lat' dir='ltr'><strong>contumacia,</strong></span> <span class='ocrx_word' id='word_1_203' title='bbox 589 2180 680 2234; x_wconf 86' lang='lat' dir='ltr'><strong>neque</strong></span> <span class='ocrx_word' id='word_1_204' title='bbox 691 2167 766 2216; x_wconf 89' lang='lat' dir='ltr'><strong>inani</strong></span> <span class='ocrx_word' id='word_1_205' title='bbox 776 2166 863 2214; x_wconf 88' lang='lat' dir='ltr'><strong>iacta-</strong></span> <span class='ocrx_word' id='word_1_206' title='bbox 930 2172 933 2182; x_wconf 78' lang='lat'><strong>¹</strong></span> 
     </span>
     <span class='ocr_line' id='line_1_31' title="bbox 47 2232 862 2303; baseline -0.004 -19"><span class='ocrx_word' id='word_1_207' title='bbox 47 2234 130 2285; x_wconf 89' lang='lat' dir='ltr'><strong>tione</strong></span> <span class='ocrx_word' id='word_1_208' title='bbox 141 2233 291 2297; x_wconf 85' lang='lat' dir='ltr'><strong>libertatis,</strong></span> <span class='ocrx_word' id='word_1_209' title='bbox 302 2233 405 2286; x_wconf 85' lang='lat' dir='ltr'><strong>lamam</strong></span> <span class='ocrx_word' id='word_1_210' title='bbox 416 2236 560 2303; x_wconf 86' lang='lat' dir='ltr'><strong>satumque</strong></span> <span class='ocrx_word' id='word_1_211' title='bbox 569 2235 747 2303; x_wconf 82' lang='lat' dir='ltr'><strong>provocabat</strong></span> <span class='ocrx_word' id='word_1_212' title='bbox 758 2232 862 2293; x_wconf 82' lang='lat' dir='ltr'><strong>Sciant,</strong></span> 
     </span>
     <span class='ocr_line' id='line_1_32' title="bbox 47 2300 910 2371; baseline -0.003 -19"><span class='ocrx_word' id='word_1_213' title='bbox 47 2304 157 2371; x_wconf 87' lang='lat' dir='ltr'><strong>quibus</strong></span> <span class='ocrx_word' id='word_1_214' title='bbox 167 2304 261 2366; x_wconf 90' lang='lat' dir='ltr'><strong>moris,</strong></span> <span class='ocrx_word' id='word_1_215' title='bbox 280 2304 389 2357; x_wconf 91' lang='lat' dir='ltr'><strong>inlicita</strong></span> <span class='ocrx_word' id='word_1_216' title='bbox 404 2306 509 2368; x_wconf 89' lang='lat' dir='ltr'><strong>mirari,</strong></span> <span class='ocrx_word' id='word_1_217' title='bbox 529 2318 610 2371; x_wconf 89' lang='lat' dir='ltr'><strong>posse</strong></span> <span class='ocrx_word' id='word_1_218' title='bbox 622 2304 706 2356; x_wconf 88' lang='lat' dir='ltr'><strong>etiam</strong></span> <span class='ocrx_word' id='word_1_219' title='bbox 717 2303 769 2355; x_wconf 91' lang='lat' dir='ltr'><strong>sub</strong></span> <span class='ocrx_word' id='word_1_220' title='bbox 780 2300 862 2353; x_wconf 86' lang='lat' dir='ltr'><strong>malis</strong></span> <span class='ocrx_word' id='word_1_221' title='bbox 907 2343 910 2349; x_wconf 93' lang='lat'>.</span> 
     </span>
     <span class='ocr_line' id='line_1_33' title="bbox 46 2372 862 2441; baseline -0.004 -17"><span class='ocrx_word' id='word_1_222' title='bbox 46 2372 230 2441; x_wconf 83' lang='lat' dir='ltr'><strong>Principibus</strong></span> <span class='ocrx_word' id='word_1_223' title='bbox 250 2388 367 2441; x_wconf 85' lang='lat' dir='ltr'><strong>magnus</strong></span> <span class='ocrx_word' id='word_1_224' title='bbox 390 2376 465 2426; x_wconf 83' lang='lat' dir='ltr'><strong>viros</strong></span> <span class='ocrx_word' id='word_1_225' title='bbox 485 2390 562 2427; x_wconf 78' lang='lat' dir='ltr'><strong>esse:</strong></span> <span class='ocrx_word' id='word_1_226' title='bbox 589 2374 812 2441; x_wconf 57' lang='lat' dir='ltr'><strong>obsequiumque⁴</strong></span> <span class='ocrx_word' id='word_1_227' title='bbox 827 2384 862 2423; x_wconf 84' lang='lat' dir='ltr'><strong>ac</strong></span> 
     </span>
     <span class='ocr_line' id='line_1_34' title="bbox 44 2435 861 2511; baseline 0 -18"><span class='ocrx_word' id='word_1_228' title='bbox 44 2441 232 2505; x_wconf 89' lang='lat' dir='ltr'><strong>modestiam,</strong></span> <span class='ocrx_word' id='word_1_229' title='bbox 241 2435 267 2492; x_wconf 87' lang='lat' dir='ltr'><strong>si</strong></span> <span class='ocrx_word' id='word_1_230' title='bbox 276 2443 414 2503; x_wconf 85' lang='lat' dir='ltr'><strong>industria</strong></span> <span class='ocrx_word' id='word_1_231' title='bbox 423 2458 456 2495; x_wconf 89' lang='lat' dir='ltr'><strong>ac</strong></span> <span class='ocrx_word' id='word_1_232' title='bbox 465 2446 547 2511; x_wconf 84' lang='lat' dir='ltr'><strong>vigor</strong></span> <span class='ocrx_word' id='word_1_233' title='bbox 556 2444 659 2505; x_wconf 86' lang='lat' dir='ltr'><strong>adsint,</strong></span> <span class='ocrx_word' id='word_1_234' title='bbox 670 2457 703 2494; x_wconf 87' lang='lat' dir='ltr'><strong>co</strong></span> <span class='ocrx_word' id='word_1_235' title='bbox 714 2442 804 2494; x_wconf 88' lang='lat' dir='ltr'><strong>laudis</strong></span> <span class='ocrx_word' id='word_1_236' title='bbox 815 2456 861 2493; x_wconf 86' lang='lat' dir='ltr'><strong>ex·</strong></span> 
     </span>
     <span class='ocr_line' id='line_1_35' title="bbox 42 2510 861 2585; baseline -0.004 -21"><span class='ocrx_word' id='word_1_237' title='bbox 42 2510 163 2576; x_wconf 85' lang='lat' dir='ltr'><strong>cedere,</strong></span> <span class='ocrx_word' id='word_1_238' title='bbox 174 2526 229 2585; x_wconf 87' lang='lat' dir='ltr'><strong>quo</strong></span> <span class='ocrx_word' id='word_1_239' title='bbox 239 2510 365 2582; x_wconf 77' lang='lat' dir='ltr'><strong>plerique</strong></span> <span class='ocrx_word' id='word_1_240' title='bbox 376 2528 426 2580; x_wconf 89' lang='lat' dir='ltr'><strong>per</strong></span> <span class='ocrx_word' id='word_1_241' title='bbox 436 2514 566 2582; x_wconf 89' lang='lat' dir='ltr'><strong>abrupta,</strong></span> <span class='ocrx_word' id='word_1_242' title='bbox 580 2511 629 2564; x_wconf 89' lang='lat' dir='ltr'><strong>sed</strong></span> <span class='ocrx_word' id='word_1_243' title='bbox 640 2512 668 2562; x_wconf 86' lang='lat' dir='ltr'><strong>iu</strong></span> <span class='ocrx_word' id='word_1_244' title='bbox 679 2512 787 2564; x_wconf 87' lang='lat' dir='ltr'><strong>nullum</strong></span> <span class='ocrx_word' id='word_1_245' title='bbox 798 2512 861 2564; x_wconf 82' lang='lat' dir='ltr'><strong>Rei·</strong></span> 
     </span>
     <span class='ocr_line' id='line_1_36' title="bbox 40 2581 754 2651; baseline 0.001 -18"><span class='ocrx_word' id='word_1_246' title='bbox 40 2581 179 2651; x_wconf 85' lang='lat' dir='ltr'><strong>publicae</strong></span> <span class='ocrx_word' id='word_1_247' title='bbox 190 2594 281 2646; x_wconf 86' lang='lat' dir='ltr'><strong>usum,</strong></span> <span class='ocrx_word' id='word_1_248' title='bbox 297 2585 444 2637; x_wconf 87' lang='lat' dir='ltr'><strong>ambitiosa</strong></span> <span class='ocrx_word' id='word_1_249' title='bbox 454 2590 545 2636; x_wconf 89' lang='lat' dir='ltr'><strong>morte</strong></span> <span class='ocrx_word' id='word_1_250' title='bbox 556 2582 754 2634; x_wconf 82' lang='lat' dir='ltr'><strong>inclaruerunt</strong></span> 
     </span>
     <span class='ocr_line' id='line_1_37' title="bbox 108 2650 859 2776; baseline -0.001 -71"><span class='ocrx_word' id='word_1_251' title='bbox 108 2650 213 2706; x_wconf 84' lang='lat' dir='ltr'><strong>XLlll.</strong></span> <span class='ocrx_word' id='word_1_252' title='bbox 232 2650 308 2706; x_wconf 84' lang='lat' dir='ltr'><strong>Finis</strong></span> <span class='ocrx_word' id='word_1_253' title='bbox 322 2655 397 2709; x_wconf 83' lang='lat' dir='ltr'><strong>ritae</strong></span> <span class='ocrx_word' id='word_1_254' title='bbox 417 2656 476 2709; x_wconf 83' lang='lat' dir='ltr'><strong>eius</strong></span> <span class='ocrx_word' id='word_1_255' title='bbox 491 2654 572 2707; x_wconf 85' lang='lat' dir='ltr'><strong>nobis</strong></span> <span class='ocrx_word' id='word_1_256' title='bbox 591 2651 745 2776; x_wconf 42' lang='lat' dir='ltr'><strong>lucanosus,</strong></span> <span class='ocrx_word' id='word_1_257' title='bbox 764 2652 859 2707; x_wconf 82' lang='lat' dir='ltr'><strong>amieis</strong></span> 
     </span>
    </p>
   </div>
   <div class='ocr_carea' id='block_1_3' title="bbox 482 2768 500 2795">
    <p class='ocr_par' dir='ltr' id='par_1_3' title="bbox 482 2768 500 2795">
     <span class='ocr_line' id='line_1_38' title="bbox 482 2768 500 2795; baseline 0 0"><span class='ocrx_word' id='word_1_258' title='bbox 482 2768 500 2795; x_wconf 66' lang='lat' dir='ltr'><strong>hi</strong></span> 
     </span>
    </p>
   </div>
   <div class='ocr_carea' id='block_1_4' title="bbox 0 0 1022 3025">
    <p class='ocr_par' dir='ltr' id='par_1_4' title="bbox 0 0 1022 3025">
     <span class='ocr_line' id='line_1_39' title="bbox 0 0 1022 3025; baseline 0 5"><span class='ocrx_word' id='word_1_259' title='bbox 0 0 1022 3025; x_wconf 95' lang='lat' dir='ltr'><strong> </strong></span> 
     </span>
    </p>
   </div>
  </div>
 </body>
</html>
