2034 3025
106 93 248 147 nmrv.
269 91 355 147 cnr.
365 91 408 150 or.
418 91 461 146 oe.
481 91 526 160 [A.
536 91 569 146 v.
582 96 642 168 ou.
661 94 736 147 nc.
747 96 800 164 710]
823 66 876 152 mi

78 171 872 195 *mm*-

73 200 189 252 einitiiur
200 199 283 250 aronis
293 214 349 250 rem
359 197 518 260 Romanam,
534 207 566 249 ut
580 196 703 250 Treveris
714 199 797 251 etium
807 197 873 254 Liri·

71 267 232 338 gom'iurque
242 263 378 336 despectui
387 265 432 320 sit.
469 265 612 334 Superesse
621 265 697 335 fidas
709 268 876 335 prouincias,

71 338 183 390 uictores
194 336 341 400 exercitus,
354 337 501 408 fortunam
511 335 632 402 Imperii,
643 345 670 387 et
679 338 779 389 ultores
794 335 874 391 Deos.

73 406 116 458 un
126 406 186 458 alim
197 406 370 458 Sacrovirum
380 414 408 457 et
419 405 524 456 Aeduos
530 441 539 467 ,
556 420 642 472 nuper
657 403 793 460 Vindicem
802 408 871 471 Gai·

71 477 185 542 tiaeque,
202 475 316 540 singulis
332 473 444 543 praediis
462 473 617 528 concidisse.
652 474 757 527 Eodem
775 489 872 530 rursus

71 543 193 606 Numina,
204 543 294 595 eadem
299 544 378 615 fota,
389 553 513 612 ruptores
517 545 665 616 foederum
673 553 872 612 exspectarent.
899 591 902 602 .

72 613 165 666 Melior
173 610 212 662 D.
222 611 293 664 lrslia
304 611 427 682 Diraque
436 613 562 682 Augusto
573 623 649 668 notos
659 630 749 666 eorum
760 614 871 668 animos.
963 648 966 655 ·

73 681 194 742 Galbam,
205 689 232 732 et
242 681 367 752 infracta
378 681 491 744 tributo,
501 682 611 736 hostiies
621 683 734 751 spiritus
744 682 871 738 induisse.

71 747 100 803 N
101 767 148 802 unc
159 749 259 812 haeses,
280 751 345 816 quin
356 753 432 803 malle
442 753 601 814 seruitium·
618 769 678 805 cum
688 752 873 820 spoliatione·

70 820 141 888 tique
152 819 273 891 fuerint,
293 819 489 892 amicorfore.¹
513 823 592 874 Haec
606 823 741 874 ferociter
751 822 872 887 locutus,
898 825 904 842 ¹

69 894 215 958 postquam
235 887 363 958 perstare
379 893 408 940 in
428 889 547 958 perfidia
562 892 715 942 Classicum
725 892 873 944 Tutorem·

69 973 121 1024 que
132 959 215 1021 videt,
235 974 317 1012 uerso
329 961 441 1021 itinere,
459 957 758 1012 Naresiumeoneedit.
795 962 871 1012 Galli

68 1028 152 1078 duum
166 1029 284 1079 millium
300 1029 393 1092 spatio
410 1028 577 1079 distantibus
592 1031 697 1094 campis
707 1030 872 1084 consedere.

69 1097 135 1148 illue
155 1097 371 1147 commeantium
382 1095 585 1147 centurionum
601 1097 778 1163 militumque
799 1115 873 1151 eme-

67 1167 170 1216 bantur
189 1167 286 1216 animi:
304 1169 337 1215 ut
357 1162 506 1231 (flagitium
526 1166 712 1232 incognitum)
728 1168 871 1218 Romanus

69 1236 210 1286 exereitus
218 1235 247 1288 in
258 1239 378 1286 externa
387 1233 473 1284 verbo
483 1235 619 1296 iurarent,
629 1235 787 1302 pignusque
799 1236 872 1288 tenti

67 1304 181 1356 sceleris
197 1318 264 1354 nece
281 1308 330 1354 out
344 1303 461 1353 vinculis
472 1303 645 1369 Legatorum
661 1304 783 1367 daretur.
821 1304 874 1357 Vo-

67 1373 322 1438 culn‚''quamquam
337 1370 568 1438 pleriquefugem
580 1371 737 1422 suadebant
743 1408 752 1433 ,
770 1373 873 1424 ouden-

67 1441 134 1492 dum
146 1445 238 1504 retus,
257 1444 357 1492 vocata
372 1439 520 1503 concione,
538 1440 568 1490 iu
579 1436 775 1491 huncmodum
785 1441 873 1497 disse·

66 1512 134 1563 ruit.

119 1576 217 1629 LVlll.
237 1574 391 1644 Numquam
401 1578 476 1645 apud
488 1594 534 1629 uos
544 1576 700 1701 ueriapeei,
710 1586 761 1630 aut
767 1594 819 1645 pro
831 1594 874 1630 ro·

66 1646 108 1701 tn
118 1646 270 1711 eollicitiar,
279 1656 329 1699 aut
335 1664 389 1716 pro
399 1664 439 1699 me
449 1647 577 1699 securior.
653 1664 696 1699 am
712 1646 779 1699 milri
793 1648 875 1700 eniti»

66 1734 113 1769 um
121 1716 227 1785 parari,
238 1716 321 1769 libens
330 1718 426 1770 audio:
437 1726 602 1785 neonemque
616 1717 645 1771 in
657 1723 698 1768 tot
707 1717 786 1769 malis
796 1715 875 1769 done·

65 1797 147 1851 stane,
158 1785 279 1856 utfinem
289 1783 468 1849 miseriarum,
480 1794 612 1853 exspecto.
641 1784 732 1838 Vestri
741 1802 782 1837 me
787 1787 874 1854 pudet

65 1856 237 1921 mimretque,
256 1856 384 1909 aduersus
404 1871 469 1922 quos
480 1873 534 1908 non
548 1855 683 1921 proelium
698 1864 726 1906 et
739 1856 811 1907 acies
822 1871 874 1921 pa-

64 1934 177 1987 rantum
200 1924 232 1977 id
246 1925 316 1977 enim
324 1925 375 1996 fas
385 1940 522 1977 armorum
533 1932 560 1976 et
569 1924 612 1976 ius
623 1924 748 1976 hostium.
777 1924 872 1977 bellum

64 2004 127 2047 cum
146 1994 251 2060 Popula
270 1993 392 2047 Romano
412 1993 509 2046 nestris
526 2009 553 2045 se
573 1994 696 2046 manibus
718 1993 873 2063 gessemani,

67 2061 204 2114 Classicus
215 2072 321 2130 eperat,
341 2062 540 2133 Imperiumque
555 2071 583 2115 et
595 2073 795 2116 sacramentum
808 2065 873 2116 Gas-

63 2130 168 2184 Iiarum
177 2141 305 2183 attentat.
333 2132 407 2183 Adeo
417 2150 473 2195 reos,
484 2132 509 2183 si
513 2133 633 2204 fortuna
643 2132 673 2185 in
680 2149 808 2200 praesens
818 2132 873 2184 uir·

64 2210 163 2269 tueque
174 2200 301 2264 deseruit,
320 2200 404 2252 etiam
414 2211 505 2254 veteru
516 2205 637 2269 exempla
648 2202 792 2271 decjicirsnt:
810 2218 872 2269 quo·

63 2270 136 2325 tiene
146 2267 285 2321 Romanae
296 2270 412 2338 legiones
418 2271 510 2337 perire
518 2271 752 2339 praeoptaverint,
772 2288 804 2323 ne
815 2273 872 2323 loca

60 2342 237 2406 pellerentur.
256 2339 323 2390 soe-ii
332 2355 411 2408 saepe
420 2339 517 2401 nostri,
534 2341 655 2393 exscindi
664 2339 743 2391 urbes
753 2355 825 2402 sune,
836 2357 874 2391 se·

61 2424 116 2475 que
136 2424 196 2461 cum
212 2407 371 2475 coniugibus
384 2426 419 2461 uc
433 2408 526 2461 liberis
535 2403 667 2471 mensuri,
682 2411 873 2475 pertulerunt:

59 2493 148 2545 neque
159 2477 236 2527 atiud
245 2478 364 2543 pretium
376 2477 474 2541 exitus,
486 2477 789 2547 qreamfides‘samuque.
823 2476 873 2528 Ta·

59 2549 154 2599 lerant
164 2562 224 2597 cum
234 2546 351 2599 monime
361 2546 483 2615 inopium
492 2546 674 2612 obsidiumque
684 2547 759 2614 opud
773 2544 883 2597 Vetera*

57 2615 197 2685 legiones,
214 2632 263 2674 nee
272 2624 375 2693 terrore
385 2622 436 2671 aut
444 2615 587 2686 prorreissis
598 2616 779 2681 demorentur.
817 2613 873 2669 No·
