2034 3025
167 79 219 135 m
391 75 448 128 DE
466 71 741 128 ORATORIBVS

164 183 390 254 prebendautur3
421 186 455 232 ut
463 184 599 248 ignorent
609 181 701 249 leges,
727 185 969 238 nonteueantSa·

87 274 93 286 ·
164 259 248 306 natus
259 251 397 314 comita,
411 250 456 301 ius
467 251 589 302 civitatis
599 251 675 302 ultro
687 251 850 316 derideant,
868 255 971 322 sapien·

163 324 223 376 tiae
236 337 306 375 rero
321 321 444 374 studium
460 325 490 372 et
499 325 653 388 praecepta
668 320 855 386 prudentium
866 325 971 390 penitus

76 383 84 402 ⁸
165 391 364 453 reformident,
383 391 414 442 iu
424 391 607 456 paucisumos
618 403 716 441 seusus
728 395 758 442 et
767 397 910 458 angustas
920 408 972 443 sen·

164 462 269 514 tantiae
280 460 434 514 detrudant
443 457 645 527 eloquentiam,
677 457 756 510 velut
765 461 920 526 expulsam
929 463 971 513 Re

164 545 221 600 guo
233 544 297 582 suo:
319 535 360 592 at,
376 543 447 597 quae
458 527 527 579 olim
539 529 664 578 omnium
675 527 779 579 artium
790 530 913 581 domina
922 530 970 597 pub

164 601 286 654 cerrimo
296 600 431 651 comitatu
441 603 557 665 pectora
568 596 703 662 inplebat,
724 612 802 649 nune
813 599 970 652 circumcisa

164 673 361 737 stampntata,
378 665 597 734 sineadparatn,
619 665 680 716 siue
693 663 813 730 honore,
835 683 930 735 paene
938 669 969 718 di·

163 738 255 791 xarim
265 737 327 789 sine
341 736 532 804 ingenuitate,
564 735 646 804 quasi
656 749 713 786 una
724 749 760 788 ex
771 737 967 789 sordidissimis

164 806 305 868 artificiis,
337 804 468 856 discatur.
503 807 580 873 Ergo
601 801 809 870 hanc-primam
827 812 859 859 et
875 806 967 874 praeci

163 888 247 943 paam
262 886 387 925 canaam
403 874 540 938 arbitror,
574 888 623 924 eur
637 879 746 926 tantum
763 875 800 926 ab
813 875 967 944 eloquentia

164 943 343 1012 antiquorum
354 943 716 995 oratorum'recesserimus.
753 941 784 994 Si
802 948 898 996 testes
909 946 967 996 deri·

163 1013 312 1064 rimantur:
322 1027 392 1080 quos
401 1014 530 1080 potiores
542 1012 701 1075 nominabo,
713 1025 796 1078 quam
808 1015 889 1079 apud
895 1015 970 1066 Grae·

164 1097 212 1134 cos
227 1079 464 1134 Demosthenem!
495 1095 578 1147 quem
594 1079 831 1133 studiosissimum
851 1083 971 1134 Platonis

164 1151 321 1204 auditorem
332 1149 429 1214 fuisse,
444 1150 597 1202 memorIae
608 1147 748 1214 proditum
760 1154 813 1200 est.
851 1153 895 1204 Et
906 1155 972 1204 Cine-

163 1235 207 1284 το,
217 1219 272 1282 bis,
288 1223 321 1270 ut
331 1221 442 1287 opinor,
452 1217 544 1272 refert
554 1217 657 1281 serbis,
672 1217 806 1286 quidquid
814 1219 846 1272 ia
860 1223 974 1290 eloquere

164 1289 206 1342 tio
217 1286 350 1358 effecerit,
367 1288 399 1340 id
407 1303 435 1340 se
445 1286 665 1352 sacrariorum,
682 1287 729 1338 sed
733 1286 916 1344 Academiae
926 1306 974 1358 apa-

163 1358 213 1412 tis's
223 1366 402 1412 connatam.
431 1357 502 1409 Sunt
513 1357 586 1408 aliae
598 1369 719 1418 caussae,
739 1369 867 1424 magnae
881 1369 914 1412 et
925 1373 975 1430 gra
991 1407 992 1426 ξ

66 1427 71 1432 ’
164 1438 221 1492 res,
244 1439 313 1496 quas
325 1442 343 1478 a
352 1427 432 1478 vobis
442 1427 547 1494 aperiri
559 1439 677 1492 aequum
690 1431 746 1488 est,
767 1428 916 1493 quoniam
927 1429 976 1497 qui·
991 1429 992 1434 ’

164 1494 229 1551 dem
240 1513 294 1566 ego
304 1498 360 1549 iarn
371 1512 463 1549 meum
474 1509 575 1547 munus
586 1495 709 1561 explevi,
741 1499 783 1557 et,
820 1499 906 1565 quod
918 1496 977 1551 mihi

164 1569 194 1619 in
206 1567 407 1620 consuetudine
419 1572 470 1629 est,
481 1567 551 1616 satis
562 1566 665 1615 muitos
677 1562 795 1617 offendi:
809 1568 863 1634 qui
877 1569 977 1621 sitente

164 1636 219 1690 hoe
229 1637 373 1699 audirent,
394 1641 501 1687 eertum
513 1633 603 1685 babeo
615 1633 754 1697 dicturos,
774 1648 832 1697 me,
859 1638 933 1689 dum
944 1640 977 1688 in-

58 1732 61 1736 ·
162 1705 245 1759 riset
255 1704 448 1773 philosophiae
460 1704 621 1765 seientiam,
652 1709 795 1771 tamquam
807 1710 977 1759 oratoriae

163 1777 322 1838 aesuriem,
344 1774 438 1837 laudo,
459 1772 575 1839 ineptiis
585 1773 656 1823 meis
667 1773 814 1839 plausisse.

216 1844 342 1897 xxxlu.
359 1844 563 1905 EtMateruus,
584 1840 655 1892 Mihi
666 1840 789 1908 quidem,
805 1844 991 1912 *inquiam-1

164 1919 317 1980 sceptum'a
327 1918 356 1965 te
367 1927 467 1964 munus
477 1911 548 1965 adeo
566 1911 710 1977 peregisse
720 1909 851 1963 nondum
863 1915 976 1973 rideris,
990 1924 991 1983 i

162 1987 197 2033 ut
206 1981 353 2033 inchoasse
363 1988 481 2045 tautum,
497 1985 527 2032 et
536 1978 615 2031 velut
625 1978 744 2047 vestigia
754 1992 788 2031 ao
799 1981 976 2035 lineamenta

164 2050 301 2117 quaedam
323 2051 494 2114 ostendisse,
526 2047 654 2099 videaris.
689 2048 773 2111 Nam,
808 2052 924 2119 quibus
943 2052 975 2102 in·

163 2120 236 2172 atrui
246 2126 356 2171 veteres
367 2125 494 2172 oratores
504 2118 583 2170 soiiti
593 2117 662 2181 sint,
695 2118 809 2181 dixisti,
842 2120 991 2176 differes-r

163 2188 288 2255 tiamque
309 2191 423 2237 nostrae
445 2188 570 2239 desidiae
596 2193 625 2239 et
646 2188 812 2239 inscientiae
835 2191 976 2249 adversus

164 2259 302 2310 noemma
317 2258 346 2307 et
360 2253 561 2307 fecundissima
577 2270 672 2307 eorum
687 2256 780 2307 studia
796 2256 977 2311 demonstra·

165 2326 216 2374 sti:
239 2330 334 2374 cetera
345 2328 485 2389 exspecto,
507 2331 548 2387 ut,
570 2324 803 2391 quemadmodum
816 2319 856 2378 ex
870 2334 904 2380 te
916 2326 978 2379 didi

163 2390 199 2449 oi,
222 2391 288 2456 quid
299 2390 401 2441 aatilii
411 2392 530 2465 scireut,
552 2398 601 2443 aut
611 2408 663 2461 nos
674 2393 850 2457 nesciamus,
876 2397 979 2448 itabat

164 2470 275 2522 quoque
287 2473 463 2526 cognoscam,
474 2461 576 2524 quibus
588 2462 838 2514 exercitationibus
853 2466 981 2517 iuvenes

162 2521 219 2574 iam
235 2524 327 2578 forum
343 2527 513 2594 ingressuri,
546 2531 713 2582 oonbnnare
729 2536 758 2582 et
768 2531 851 2585 aiere
864 2536 981 2603 ingenia

162 2602 214 2641 sna
224 2594 303 2660 soliti
312 2597 378 2646 sint.
407 2594 585 2661 nequeenim
597 2604 659 2651 arte
671 2605 700 2652 et
710 2599 839 2665 amentia,
859 2604 918 2656 sed
930 2606 981 2655 lon
