2034 3025
171 87 221 139 rm
254 46 560 135 nrsroamnvu
579 78 900 150 [a.v.mr.n.·c70.]

167 189 196 239 in
206 186 400 247 Germaniam,
420 189 453 234 ut
467 197 550 249 supra
561 182 722 245 retulimus,
742 198 775 235 ae
785 187 846 233 tum
858 185 965 253 Magon·

166 258 231 309 tiaci
242 260 364 323 agentes.
399 254 470 305 Erat
483 250 748 309 inCanninofatihus
759 252 882 305 stolidae
891 254 965 304 auda·

167 328 227 379 eine
237 326 357 382 Brinno,
375 322 505 373 claritate
524 320 656 371 natalium
673 322 783 387 insigni.
802 328 887 387 pater
906 324 967 381 eius,

166 394 256 447 multa
265 392 379 443 hostilia
388 406 485 451 ausus,
504 390 669 447 Gaianarum
680 390 893 454 expeditionum
904 390 966 442 ludi-

167 465 257 515 hrium
269 462 534 529 inpunespreverat.
571 459 658 524 igitur
677 461 738 523 ipso
758 460 874 510 rebellis
896 458 967 512 fami-

166 533 220 585 liae
231 532 341 581 nomine
352 530 465 597 placuit,
476 528 666 594 inpositusque
674 533 764 589 scuto,
782 543 862 579 more
871 533 968 596 gentis,

167 608 196 654 et
206 601 398 651 sustinentium
408 597 530 655 humeris
542 596 672 659 vibratus,
683 596 746 663 Dux
757 596 902 664 deligitur.
914 598 969 651 Sta·

167 672 271 737 timque
290 670 386 720 accitis
400 667 496 719 Frisiis
522 664 737 727 (transrhenana
749 680 820 732 gens
832 670 888 729 est)
909 668 970 719 dna·
1001 714 1002 729 ,

168 754 229 789 rum
240 736 397 788 cohortium
409 734 538 796 hiberna,
557 736 683 799 proxima
694 740 844 800 occupatu,
860 736 967 789 Oceano

166 807 309 871 inrumpit.
346 804 404 857 Nec
419 803 615 869 praeviderant
624 806 755 869 impetum
767 802 893 857 hostium
904 807 968 857 mili·

166 882 223 925 tes:
242 890 303 936 nec,
321 876 345 924 si
355 874 565 939 praevidissent,
586 874 653 923 satis
664 875 762 924 virium
774 872 810 923 ad
821 876 967 927 arcendum
1001 922 1002 957 q

167 949 236 997 erat.
273 945 360 1009 Capta
370 944 455 1009 igitur
464 949 493 992 et
503 941 613 1007 direpta
624 948 725 993 castra.
749 942 816 995 dein
827 959 927 1011 vagos,
944 950 971 993 et
1001 958 1002 1007 l

166 1014 242 1079 pacis
257 1013 340 1063 modo
356 1010 470 1072 effusos,
491 1010 562 1061 lixas
578 1012 820 1079 negotiatoresque
832 1014 969 1065 Romanos
1001 1010 1002 1057 ἰ

103 1128 106 1132 .
165 1083 310 1133 invadunt.
346 1080 434 1130 Simul
453 1080 568 1129 excidiis
587 1078 970 1135 castellorumiuminebant:
1001 1084 1002 1091 ’

149 1164 152 1169 ·
167 1165 239 1218 quae
249 1166 266 1200 u
277 1148 428 1199 Praefectis
444 1146 599 1199 cohortium
621 1150 732 1199 incensa
745 1154 826 1211 sunt,
845 1152 916 1217 quia
930 1150 971 1201 de-

138 1274 142 1280 ,
168 1219 246 1272 feudi
267 1217 426 1283 nequibant.
462 1214 839 1285 Signaveuillaque'etquod
850 1220 972 1271 militum

61 1328 64 1331 .
166 1292 195 1339 in
209 1288 380 1353 superiorem
400 1284 507 1337 insulae
529 1292 634 1351 partem
656 1294 876 1353 congregantur,
896 1290 975 1341 Duce

165 1354 489 1425 Aquillio,Primipilari;
508 1368 609 1407 nonren
619 1357 706 1423 magis
716 1358 870 1419 exereitus,
890 1374 976 1426 quam

167 1429 261 1479 robur.
297 1426 414 1492 Quippe,
434 1424 538 1475 viribus
554 1422 709 1475 cohortium
726 1425 867 1489 abductis,
886 1426 978 1481 Vitel-

167 1496 236 1559 lius,
255 1512 271 1548 e
286 1496 418 1562 proximis
433 1492 598 1545 Neruiorum
611 1493 871 1564 Germanorumque
887 1502 979 1568 pagis,

167 1581 279 1634 segnem
291 1579 436 1616 numerum
447 1563 531 1614 aruris
542 1568 713 1615 oneraverat.

220 1636 295 1687 XVI.
315 1634 418 1696 Ciuilis,
439 1631 503 1683 dolo
523 1633 705 1698 grassandum
724 1637 816 1696 ratus,
835 1633 981 1690 incusavit

139 1696 144 1707 '
167 1704 242 1756 ultro
253 1702 422 1772 Praefectos,
436 1701 509 1768 quod
521 1701 631 1752 castella
642 1701 829 1755 deseruissent.
871 1704 910 1757 Se
921 1724 981 1760 enm

139 1824 145 1831 ,
166 1773 290 1836 cohorte,
310 1770 356 1823 cui
365 1779 507 1838 praeerat,
530 1766 738 1841 Canninetetem
748 1774 902 1828 tumultum
912 1792 982 1829 eoin·
999 1777 1000 1816 ἴ

141 1891 144 1897 .
163 1848 338 1911 pressurum:
356 1840 398 1892 illi
408 1856 457 1890 suu
467 1837 579 1906 quisque
588 1836 700 1898 hiberna
710 1849 878 1908 repeterent.
911 1844 983 1898 Suli-

142 1953 145 1958 .
168 1924 231 1964 esse
240 1909 365 1961 fraudem
377 1909 507 1970 consilio,
529 1914 557 1959 et
572 1907 709 1973 dispersas
720 1908 850 1962 cohortes
864 1911 984 1966 facilius

166 1977 984 2111 dilui”tilii-”³¹littplhtlsllthtir-⁰51³·

309 2082 318 2107 φ
435 2078 441 2092 ·
914 2069 955 2104 lm

140 2107 144 2123 '
166 2131 238 2186 quae
248 2113 396 2174 Germani,
415 2112 491 2163 laeta
501 2112 575 2164 hello
592 2063 748 2182 gens-iton
760 2117 808 2168 diu
818 2070 986 2175 occultas?

165 2191 240 2238 rant.
275 2182 327 2235 Vbi
338 2180 455 2232 insidiae
466 2197 564 2248 parum
574 2199 690 2252 cessere,
706 2185 742 2240 ad
751 2187 804 2238 rim
816 2192 987 2258 transgres·

165 2269 223 2318 sus,
243 2248 448 2314 Canninefates,
468 2251 580 2316 Frisios,
598 2253 720 2310 Batavos
739 2257 863 2322 propriis
881 2264 988 2314 cuneis

165 2323 313 2386 componit,
323 2321 431 2371 directa
441 2335 475 2370 cx
487 2321 596 2371 diverso
607 2323 690 2385 acies,
702 2321 774 2374 haud
785 2328 892 2390 procul
902 2343 924 2381 a
935 2329 988 2382 flu.
1001 2331 1002 2344 ³

164 2391 239 2440 mine
251 2386 355 2446 Rheno,
370 2392 398 2438 et
408 2387 530 2438 obversis
540 2391 566 2440 in
579 2387 686 2450 hostem
697 2392 820 2456 navibus,
835 2409 928 2462 quas,
946 2402 987 2451 in.

154 2458 255 2522 censis
274 2453 408 2514 castellis,
428 2455 495 2504 illuc
513 2455 683 2519 adpulerant.
711 2475 763 2512 nee
782 2463 831 2514 diu
853 2476 988 2530 cei-mo,

165 2522 343 2588 Tungrorum
355 2518 455 2571 cohors
469 2523 549 2587 signa
559 2524 594 2572 ad
606 2525 721 2584 Civilem
735 2533 904 2592 transtulitz,
922 2553 989 2604 per-

166 2587 290 2656 culsique
308 2589 411 2640 milites
429 2590 570 2654 inprovisa
589 2593 747 2668 proditione
760 2612 778 2649 a
790 2602 882 2654 sociis
894 2603 1002 2660 hosti.

946 2863 973 2944 i
1001 2939 1002 2942 i
