2034 3025
101 94 112 118 2
167 89 220 165 aaa
236 87 385 142 annau.
401 85 487 164 uua
498 84 624 162 auaui.
639 84 728 154 [av.
739 54 847 161 79‘0JA.
859 87 960 159 um]

167 199 245 259 croni
256 195 384 247 tirmavit.
412 191 477 243 inde
489 194 589 243 ortacia
599 190 753 257 conloquiis
763 191 837 242 inter
847 207 979 257 praeseu-

152 273 155 284 '
167 273 223 327 tes,
239 263 345 315 nuntiis
355 262 428 329 apud
438 261 562 328 Legatos
572 265 601 313 et
611 261 751 312 exereitus
761 258 979 313 festinabantur.

137 355 140 360 ·
165 334 250 389 XVII.
268 331 469 398 KebipriliS,
487 330 643 384 interclusa
662 330 769 392 anima,
791 330 915 386 creditus
936 336 980 384 est

167 403 369 456 mortalitatem
388 401 547 466 explevisse.
582 400 619 450 Et
633 399 722 450 multo
736 405 897 468 gratantum
915 416 980 452 ean-

169 489 261 534 cursu„
271 471 451 537 ad‘eapienda
458 469 568 536 imperii
579 469 732 536 primordia
742 470 772 519 c.
784 469 889 520 Caesar
899 485 980 537 egre·

109 545 110 548 ’
168 543 311 594 aiebatur:
324 556 390 592 cum·
397 544 514 608 repente
524 539 663 601 adfertur,
673 538 761 590 redire
770 535 879 591 Tiberio
890 536 981 591 nocem

168 611 292 671 eunicus,
311 609 464 678 vocarique,
486 609 535 676 qui
553 607 716 661 recreandae
731 607 878 680 defectioni
891 609 981 661 cibum

169 681 321 752 adferrent.
339 693 427 746 pavor
439 679 505 730 hine
515 681 544 729 in
559 692 669 728 omnes:
690 683 719 729 et
729 679 815 730 ceteri
826 680 931 744 passim
941 679 981 729 di·

168 749 270 816 spergi‚
281 763 311 799 se
323 749 439 816 quisque
447 748 583 800 irruentum
594 751 643 798 aut
651 751 775 799 nescium
781 749 900 814 tingere:
913 749 981 799 Cae·-

169 833 224 880 sar,
234 820 263 868 in
274 818 415 869 silentium
426 819 506 881 fixus,
520 833 538 868 a
547 831 656 868 summa
665 832 713 884 spe
724 818 873 868 novissima
884 832 980 884 exspe-

69 907 73 914 ·
158 889 275 943 etabat:
294 887 391 938 Macro
401 887 566 952 intrepidus,
577 885 695 954 opprimi
703 887 791 939 cenem
799 885 904 938 iniectu
913 888 980 938 arul-

61 1002 68 1010 „
168 955 319 1020 scematis,
339 956 425 1020 iubet,
444 955 595 1024 discedique
609 955 642 1007 ab
656 954 756 1008 limiae.
792 954 839 1007 Sic
848 955 979 1008 Tiberius

168 1027 265 1089 finivit,
277 1031 375 1076 octavo
388 1026 631 1094 etseptuagesimo
642 1027 744 1077 aetatis
752 1039 838 1076 anno.

220 1095 266 1147 Li.
285 1095 369 1146 Pater
380 1096 405 1146 ei
416 1094 502 1158 Nero,
513 1101 541 1146 et
550 1095 692 1161 utrimque
703 1097 783 1161 origo
796 1095 888 1162 gentis
899 1093 979 1146 Cian-

153 1165 246 1228 ‘diae‚
267 1178 433 1231 quamquam
447 1169 540 1217 mater
552 1165 580 1214 in
591 1163 698 1215 Liviam
710 1168 739 1216 et
748 1178 813 1214 mox
823 1164 923 1214 Iuliam
939 1163 978 1214 ia-

168 1234 275 1284 miliam
291 1233 487 1298 adoptionibus
501 1233 656 1284 transierit.
691 1233 778 1284 Casus
794 1234 884 1298 prima
893 1233 929 1287 ab
939 1235 977 1282 in·

169 1302 410 1368 fantiaancipites.
429 1302 978 1369 namproscriptumpatremexsulseca·

168 1379 223 1435 tus,
234 1373 280 1424 ubi
291 1371 405 1422 domum
415 1373 533 1440 Augusti
544 1373 684 1440 privignus
694 1374 814 1436 introiit,
827 1373 922 1422 multis
932 1387 977 1424 ae·

168 1442 251 1492 mulis
271 1439 447 1494 conflictatus
470 1447 521 1504 est,
541 1442 606 1492 dum
626 1438 779 1503 Marcellus
799 1446 829 1494 et
847 1443 977 1509 Agrippa,

169 1527 234 1563 mox
246 1513 327 1563 Caius
339 1509 496 1581 Luciusque
509 1512 657 1575 Caesares,
669 1512 791 1581 riguere.
819 1513 911 1564 Etiam
923 1510 977 1563 fra·

134 1587 138 1592 ·
169 1586 214 1633 ter
225 1583 293 1645 eius,
303 1582 422 1645 Drusus,
433 1582 608 1649 prosperiore
618 1582 718 1631 civium
729 1596 825 1633 amore
835 1581 903 1633 erat.
921 1579 978 1633 Sed

169 1652 288 1702 maxime
298 1652 327 1700 in
339 1650 444 1701 lubrico
455 1653 530 1717 egit,
545 1655 659 1717 accepta
672 1649 701 1701 in
716 1652 926 1703 matrimonium
935 1650 979 1700 lu-

169 1718 216 1781 lio,
228 1719 417 1785 inpudicitiam
427 1722 522 1770 uxoris
532 1719 667 1781 tolerans,
675 1725 725 1770 aut
734 1720 884 1773 declinans.
894 1720 979 1771 Dein:

170 1786 205 1839 de
216 1785 314 1841 Rhodo
326 1802 479 1855 regressus,
489 1802 591 1839 vacuos
599 1788 736 1856 Principis
747 1787 866 1842 Penates
876 1789 979 1841 duode-

166 1858 224 1924 ‚cim
236 1858 331 1919 annis,
351 1871 415 1907 mox
426 1858 468 1909 rei
479 1858 622 1911 Romanae
635 1860 782 1910 arbitrium
790 1860 880 1911 tribus
890 1858 980 1909 terme

171 1931 201 1977 et
211 1926 308 1992 viginti
324 1926 455 1976 obtinuit.
489 1926 603 1978 Morum
620 1942 729 1995 quoque
744 1935 872 1995 tempora
885 1928 980 1980 illidi.

170 2008 265 2046 versa:
283 1996 427 2061 egregium
442 1996 499 2046 vita
515 1995 655 2065 tarneque,
674 1996 767 2065 quoad
780 1999 915 2064 priuatus,
934 1997 981 2052 rel

169 2064 199 2113 in
209 2064 332 2129 imperiis
342 2064 394 2115 sub
405 2066 528 2131 Augusto
543 2064 609 2116 fuitz
628 2067 768 2118 oecultum
783 2082 816 2118 ae
829 2066 980 2118 subdolum

170 2132 307 2199 tingendis
326 2134 490 2195 virtutibus,
508 2134 597 2192 donee
616 2134 797 2187 Germanicus
816 2152 850 2188 ac
869 2136 980 2195 Drusus

168 2200 342 2267 superfuere.
361 2201 434 2253 idem
445 2204 519 2253 inter
529 2204 603 2256 bona
613 2204 741 2272 malaque
751 2207 864 2269 mixtus,
874 2206 981 2259 ineolu-

128 2306 129 2309 =
169 2273 208 2323 mi
218 2277 321 2323 matre:
339 2270 505 2323 intestabilis
521 2275 650 2336 saevitia,
670 2276 720 2326 sed
730 2275 849 2326 obtectis
859 2274 981 2326 libidini·

170 2339 229 2401 bus,
245 2340 311 2390 dum
322 2338 453 2391 Seianum
467 2340 566 2393 dilexit
575 2344 714 2396 timuitre:
731 2349 873 2410 postremo
884 2346 914 2396 iu
924 2360 982 2398 sce·

170 2406 231 2459 iera
240 2408 323 2459 simul
333 2423 365 2458 ac
374 2408 514 2460 dedecora
527 2414 668 2477 prorupit,
687 2418 851 2479 postquam,
868 2421 981 2468 remoto

172 2476 277 2544 pudore
288 2482 317 2531 et
327 2480 413 2541 metu,
425 2492 480 2538 suo
490 2484 601 2530 tantum
609 2481 722 2547 ingenio
733 2482 872 2534 utebatur.
926 2486 933 2496 ‘

463 2601 668 2619 tm
