2034 3025
128 35 182 130 nu
250 70 808 145 nuunnrvnpn.v.so5.n.c.52.]

130 183 186 240 ate,
205 178 358 228 transvecti
369 183 444 230 sunt.
469 175 630 245 ’spectaret
644 178 777 246 populus,
797 176 871 231 hunc
886 181 934 232 de·

131 261 197 298 core
209 247 408 314 imperatorio,
429 247 507 298 illnrn
523 247 627 314 puerili
636 245 751 309 habitu,
770 261 804 298 ac
813 249 933 314 perinde

128 315 274 368 fortunam
289 315 436 383 utriusque
451 320 654 381 praesumeret.
690 313 789 378 Simni,
804 318 933 383 quicen·

129 385 275 436 turianum
289 384 535 450 'tribunorumque
549 388 657 446 sortem
671 382 831 436 Britannici
849 386 933 437 mise·

128 454 276 514 rebantur,
296 452 398 504 remoti
413 451 487 503 fictis
502 453 619 515 caussis,
640 453 729 503 etalii
741 467 793 518 per
808 455 934 525 speeiem

53 579 56 585 ,
129 520 256 574 honoris.
285 521 369 572 etiarn
385 520 553 582 libertorum
568 521 592 572 si
609 522 671 588 quis
685 522 850 588 incorrupta
863 521 932 586 iide,

61 623 65 629 «
129 590 292 657 depellitur,
302 588 354 640 tali
365 590 521 642 occasione.
549 589 630 645 Obvii
641 592 717 641 inter
725 604 767 651 se,
782 589 857 641 Nero
868 588 934 642 Bri-

129 657 269 711 tannicum
277 655 634 722 nominailleliomitiun,
645 659 811 718 salutavere.
839 659 933 723 Quod,

128 732 162 778 ut
177 725 333 778 discordiae
350 727 476 789 initium,
496 727 651 794 Agrippina
664 727 753 778 multo
772 733 875 794 questu
895 729 935 779 ad

115 796 262 848 'maritum
273 793 367 846 defert
373 811 384 852 ε,
399 794 489 865 operm
499 798 602 862 quippe
612 795 791 863 adoptionem,
810 811 934 864 quaeque

129 862 284 916 censuerint
293 861 404 926 Patres,
412 863 524 916 iusserit
531 865 662 932 Populea,
672 865 747 917 intra
757 863 876 916 Penates
887 865 935 917 ab·

128 931 239 1000 rogari:
250 947 292 996 ac,
302 931 355 984 nisi
361 931 487 1000 praeitur
498 942 555 985 tom
562 933 671 1014 insenso
677 931 828 993 docentium
838 950 935 986 arcea-

128 1007 186 1064 tur,
197 1008 329 1067 eruptura
339 1000 368 1054 in
373 1001 510 1068 publicum
517 1002 671 1071 pereanem.
704 1003 865 1055 Commotus
876 999 940 1066 his,

129 1071 211 1138 qnasi
222 1071 397 1134 criminibus,
411 1070 553 1134 Claudius,
570 1073 705 1139 optimum
717 1084 854 1138 quemque
866 1071 935 1123 eda-

130 1142 254 1192 oatorem
265 1139 317 1190 filii
328 1140 429 1194 exsilio
441 1154 473 1191 ac
481 1145 573 1192 morte
583 1141 689 1206 adiicit,
704 1141 843 1209 datosque
853 1154 872 1190 a
881 1155 932 1191 no-

127 1222 213 1260 verca
222 1208 365 1261 custodiae
377 1210 437 1262 eius
447 1210 569 1276 inponit.

182 1276 268 1330 XLII.
287 1275 417 1330 Nondum
433 1283 529 1329 tamen
547 1293 656 1330 summa
669 1278 762 1331 moliri
776 1277 934 1346 agrippina

129 1345 266 1410 audebat,
285 1347 315 1396 ni
327 1345 538 1402 Praetoriarum
552 1346 710 1400 cohortium
724 1362 793 1400 cura
807 1347 932 1398 exsolve·

127 1420 230 1467 rentur
239 1415 342 1468 Lusius
354 1414 436 1480 Geta,
447 1422 477 1468 et
486 1415 586 1469 Rufius
596 1416 756 1484 Crispinum
775 1429 846 1483 quos
856 1414 934 1467 Mes·

129 1483 249 1543 sallinae
259 1498 399 1537 memores
411 1491 440 1539 et
449 1485 548 1539 liberis
560 1487 620 1539 eins
631 1485 776 1540 devinctos
790 1484 939 1537 credebat.

127 1551 231 1619 Igitur,
247 1553 365 1607 distrahi
374 1554 495 1607 cohortes
505 1556 609 1609 ambitu
620 1557 742 1618 duorum,
752 1562 790 1617 et,
800 1552 825 1604 si
833 1553 868 1606 ab
879 1570 933 1609 uno.

127 1630 300 1689 regerentur,
310 1622 482 1675 intentiorem
487 1624 554 1694 fore
561 1622 740 1739 disciplinam,
747 1622 934 1676 adseverante

65 1702 68 1711 ’
128 1701 233 1753 uxore,
254 1691 427 1742 transfertur
444 1693 572 1757 regimen
592 1704 624 1740 co
645 1691 750 1740 ortium
764 1689 800 1738 ad
810 1689 934 1739 Burrum

127 1756 284 1820 Afranium,
295 1760 431 1825 egregiae
441 1758 573 1809 militaris
585 1756 688 1818 famae,
697 1770 815 1823 gnarum
826 1761 933 1818 tamen,

129 1828 209 1877 cuius
228 1828 330 1891 sponte
349 1827 561 1893 praeficeretur.
607 1823 692 1874 Suum
720 1837 831 1891 quoque
850 1821 934 1873 fasti·

129 1893 206 1959 mum
220 1893 378 1960 Agrippina
397 1893 534 1946 extollere
554 1891 652 1943 altius:
670 1891 805 1959 carpento
825 1892 933 1957 capito·

78 1979 83 1984 ·
126 1961 197 2013 lium
212 1961 339 2027 ingredi,
358 1964 407 2029 qui
421 1975 482 2012 mos
498 1959 698 2011 Sacerdotibus
713 1965 743 2011 et
755 1960 843 2011 sacris
858 1961 933 2010 anti·

129 2032 226 2097 quitus
240 2043 405 2093 concessus,
421 2030 633 2082 venerationem
651 2028 773 2096 augebat
791 2028 931 2098 feminae3

129 2112 212 2165 quam
221 2097 396 2163 imperatore
405 2098 540 2166 genitam,
553 2111 681 2149 sororem
691 2100 762 2161 eius,
777 2100 825 2165 qui
834 2112 931 2151 rerum

60 2186 63 2189 ·
126 2167 238 2235 potitus
253 2166 305 2229 sit,
323 2171 354 2218 et
367 2168 514 2234 coniugem
525 2172 556 2219 et
564 2172 683 2219 matrem
694 2166 799 2229 fuisse,
816 2169 930 2219 unicum

128 2234 164 2285 ad
174 2233 499 2304 huncdiemexemplum
509 2240 563 2288 est
589 2237 669 2288 Inter
679 2250 751 2305 quae
761 2237 930 2303 praecipuus

127 2308 324 2371 propugnator
333 2307 405 2369 eins,
419 2306 562 2369 Vitellius,
574 2305 748 2357 validissima
761 2306 865 2372 gratia,
883 2318 929 2355 ae·

126 2375 188 2422 tate
199 2377 327 2425 extrema
340 2374 424 2437 (adeo
433 2375 560 2427 incertae
571 2381 638 2442 sunt
648 2374 806 2441 potentium
816 2375 875 2435 res)
886 2385 930 2423 ac·

127 2440 274 2493 curatione
289 2443 461 2513 conripitur,
479 2442 628 2496 deferente
639 2444 718 2496 iunio
729 2442 824 2510 Lupo,
844 2438 930 2492 Sena-

126 2514 200 2563 tore.
236 2510 263 2563 ls
279 2511 397 2565 crimina
415 2513 575 2565 maiestatis
591 2517 621 2564 et
636 2510 796 2580 cupidinem
816 2511 940 2579 imperii

126 2579 297 2639 obiectabat.
307 2578 545 2655 Praebnisretque
556 2583 757 2648 auresceerar,
768 2578 927 2648 nisingrip-
