2034 3025
43 125 215 184 maxrv.
236 95 451 184 33333-33.
471 132 616 198 [avan.
637 131 845 200 acessus
921 125 926 133 ’

43 233 129 301 plum,
141 233 169 281 in
181 244 235 298 quo
246 245 275 281 se
285 230 365 281 miles
375 229 599 297 conglobaverat,
608 232 692 283 biduo
703 233 845 286 obsessum

43 305 298 368 expugnatamque.
319 299 356 350 Et
364 301 452 350 victor
461 299 613 350 Britannus
624 299 726 353 Petilio
736 303 846 367 Ceriali,

43 372 153 439 Legato
165 370 282 436 legionis
293 383 396 431 nonae,
428 369 455 418 in
466 368 619 419 subsidium
629 370 790 421 adventanti
801 373 847 423 ob·

44 442 117 502 vius,
137 437 212 489 fudit
223 437 374 505 legionem,
399 443 436 499 et,
456 437 532 506 quod
541 438 678 504 peditum,
696 438 846 491 interfecit.

47 507 164 560 Cerialis
176 522 236 559 cum
248 506 385 574 equitibus
397 507 483 558 evasit
492 509 521 558 13
532 513 624 558 castra
633 511 847 562 etmunimentis

45 577 239 631 defensusest.
274 576 336 637 una
346 575 424 627 clade
439 579 467 626 31
477 575 549 627 odiis
562 577 735 642 provinciae,
765 593 847 644 quam

44 647 163 697 avaritia
173 643 315 696 1313311333
325 649 430 712 egerat,
448 645 574 711 trepidus
583 643 753 698 Procurator
762 647 848 698 Catus

42 717 73 768 13
85 715 206 767 Galliam
217 714 336 764 transiit.
803 771 806 777 1

97 781 226 834 XXXlll.
250 785 286 834 At
306 780 454 848 Suetonius
474 781 546 834 mira
566 785 723 834 constantia
743 781 849 837 medios

45 857 121 906 inter
139 850 234 903 hostes
243 851 411 902 Londinium
425 851 563 916 perrexit,
592 859 777 920 cognomento
792 854 851 920 qui·

45 923 109 975 dem
125 920 252 972 coloniae
268 935 323 972 non
338 922 460 987 insigne,
489 920 537 970 sed
548 923 630 988 copia
642 923 849 988 negotiatorum

46 999 75 1044 et
84 995 288 1043 commeatuum
301 991 420 1046 maxime
431 989 547 1041 celebre.
583 991 622 1040 ibi
637 990 795 1057 ambiguus,
814 1005 850 1041 33

45 1061 127 1112 illam
137 1057 230 1110 sedem
242 1057 317 1110 bello
328 1058 471 1126 deligeret,
481 1059 681 1125 circumspecta
690 1059 850 1127 infrequen-

45 1133 86 1181 tia
97 1128 205 1191 militis,
226 1129 348 1193 satisque
358 1128 464 1196 magnis
474 1127 651 1179 documentis
661 1130 850 1180 temeritatem

47 1197 140 1250 Petilii
151 1198 312 1258 coercitam,
341 1199 423 1248 unius
439 1197 532 1264 oppidi
552 1197 653 1249 damno
668 1213 781 1250 semare
790 1200 851 1249 uni·

46 1282 128 1320 33333
138 1267 245 1318 statuit.
281 1263 377 1334 Neque
388 1267 456 1318 11313
471 1273 499 1317 31
515 1266 779 1319 133313313333111333
790 1270 851 1318 3133

46 1337 186 1388 orantium
197 1334 286 1386 flexus
298 1340 353 1398 est,
371 1339 437 1402 quin
448 1335 528 1386 daret
536 1337 716 1402 profectionis
726 1338 851 1402 signum:

47 1411 76 1458 et
86 1404 251 1466 comitantes
260 1405 290 1455 in
300 1411 408 1472 partem
418 1405 537 1472 agminis
548 1412 702 1471 acceperat.
740 1403 770 1455 Si
781 1419 851 1471 quos

45 1473 162 1528 inbellis
173 1487 274 1537 sexus,
292 1480 341 1525 aut
350 1472 427 1526 fessa
437 1479 530 1535 33133,
557 1473 667 1528 3311331
677 1471 794 1525 dulcedo
805 1472 850 1523 nd-

46 1548 189 1605 11333331,
215 1544 250 1595 ab
271 1541 353 1595 hoste
374 1543 502 1663 oppressi
525 1549 599 1594 sunt
634 1542 741 1593 Eadem
757 1541 851 1593 clades

48 1614 204 1680 municipio
213 1612 376 1666 Verulamio
407 1613 455 1675 rit3
474 1611 540 1678 quia
548 1611 671 1673 barbari,
687 1611 799 1663 omissis
810 1625 852 1661 ca-

49 1682 143 1736 3131113
158 1681 363 1750 praesidiisque
379 1682 557 1745 militarium,
586 1681 660 1749 quod
680 1680 850 1731 uberrimum

48 1752 185 1820 spolianti
197 1757 225 1803 et
235 1749 453 1803 defendentibus
462 1752 600 1815 intutum,
627 1748 852 1816 laetipraedaet

50 1822 171 1889 aliorum
186 1835 302 1887 segnes,
329 1821 473 1887 patebant.
509 1820 552 1870 Ad
567 1820 748 1887 septuaginta
765 1814 852 1869 millia

48 1892 149 1943 civium
162 1890 353 1952 etmalorum,
370 1890 416 1955 ⁴iis
428 1904 499 1957 quae
509 1887 662 1942 memoravi
673 1888 756 1950 locis,
783 1888 851 1939 ccci-

49 1959 128 2013 dissc
140 1959 280 2011 constitit.
303 1961 479 2026 nequeenim
492 1972 601 2025 capere,
620 1963 670 2008 aut
678 1956 851 2021 venundare,

48 2027 162 2081 aliudne
174 2027 248 2095 quod
264 2026 331 2079 belli
342 2029 536 2080 commercium
543 2064 564 2095 2„
579 2026 754 2087 aesimedes,
782 2028 852 2092 pati-

50 2098 125 2159 bula,
142 2097 233 2165 ignes,
251 2112 359 2165 333333,Ι
374 2101 517 2165 tamquam
527 2096 665 2152 reddituri
676 2095 852 2164 supplicium,

49 2180 83 2220 33
91 2166 369 2235 praereptainterim
379 2165 497 2227 ultione,
514 2165 698 2218 festinabant.

103 2233 232 2287 XXXIV.
250 2235 309 2287 lam
325 2232 461 2287 Suetonio
477 2235 686 2303 quartadecima
699 2234 777 2303 legio
792 2248 853 2285 cnm

48 2304 208 2357 vexillariis
217 2305 405 2365 vicesimanis,
421 2309 451 2357 et
461 2320 476 2356 e
486 2305 622 2371 proximis
633 2304 794 2365 auxiliares,
809 2302 855 2353 de·

48 2390 112 2427 cem
128 2371 217 2425 fenne
233 2374 322 2425 millia
336 2378 509 2426 aneatorum
524 2380 619 2426 erant:
646 2390 707 2427 3333
723 2374 855 2427 emittere

48 2443 260 2495 cunctationem
281 2449 311 2497 et
331 2443 464 2511 congredi
484 2445 544 2498 acie
562 2449 653 2509 parat
699 2442 858 2510 deligitque

47 2512 144 2565 locum
156 2512 227 2563 33113
239 2510 365 2565 faucibus
380 2517 410 2564 et
419 2527 437 2563 a
446 2518 530 2581 tergo
539 2512 611 2563 silva
620 2512 758 2573 clausnm3
785 2512 857 2561 satis

50 2582 183 2648 cognito,
202 2579 274 2633 nihil
283 2579 422 2644 hostium,
451 2584 507 2635 nisi
519 2580 671 2643 13133313,
689 2586 719 2634 31
729 2584 857 2644 apertam

48 2650 200 2720 planitiem
211 2666 283 2715 csse,
300 2650 363 2706 sine
372 2654 450 2707 metu
460 2649 634 2705 insidiarum.
668 2646 875 2718 lgitnrlcgio·¹
911 2693 914 2696 .
