2034 3025
139 143 238 199 rvmr
255 117 394 222 sanic.
413 141 513 198 vira
533 144 615 211 car.
634 122 756 201 :re-ro
796 147 851 204 eso
905 190 918 196 -
953 188 956 197 .

67 257 202 318 scriberes,
222 256 363 326 tamqnam
376 255 591 314 misererentur.
627 255 776 310 Proximus
787 259 850 316 dien

66 325 150 379 faciem
158 327 286 378 victoriae
297 325 382 376 latius
393 325 513 394 aperuit.
531 331 642 378 uastum
651 326 756 395 ubique
766 327 850 382 silen.

65 399 133 460 tium,
142 395 236 447 secreti
248 395 343 458 calles,
355 393 494 446 fumantia
504 395 602 460 procul
611 399 697 460 tecta,
707 413 790 450 nemo
801 413 850 452 ex·

63 466 232 534 ploratoribun
252 464 359 516 obvius.
388 464 488 532 quibus
508 465 537 513 in
555 479 667 517 omnem
682 472 793 532 partem
809 467 849 519 ‹li-

62 535 151 598 missis,
170 534 214 584 ubi
233 535 341 584 incerta
361 531 446 601 fugae
466 534 599 600 vestigia,
618 549 710 604 neque
730 551 848 604 usquam

61 603 205 672 conglobari
216 601 314 654 hostes
324 607 508 670 compertum,
521 608 550 653 et
561 608 663 655 exacta
671 607 727 656 iam
737 613 848 662 aestate

60 674 144 742 spargi
156 673 256 724 bellum
271 673 420 740 nequibat3
439 673 468 722 in
483 671 757 732 tinesllorestorum
768 691 849 728 exer·

59 747 136 796 citum
154 741 271 795 deducit.
307 741 348 802 lbi
370 743 493 810 acceptis
514 741 677 807 obsidibus,
703 745 850 812 praelecto

60 813 148 864 classis
164 809 324 864 circumacti
336 808 514 864 Britanniam
534 813 686 881 praecepit.
714 813 798 866 datae
814 813 852 867 ad

57 883 165 944 idcires,
180 885 208 934 ct
218 886 413 948 praecesserat
423 887 526 950 terror.
554 883 616 950 ipse
626 883 752 950 peditem
763 890 851 954 atque

56 953 156 1021 equites
170 951 247 1004 lcnto
262 953 381 1014 itinere,
401 966 455 1017 quo
470 967 606 1003 novarum
621 957 753 1020 gentium.
764 957 851 1006 animi

51 1024 109 1091 ipsa
119 1023 251 1073 transitus
263 1035 342 1071 mora
351 1026 540 1082 terrerentur,
560 1021 589 1071 in
599 1019 727 1074 hibernis
736 1023 852 1076 locauit.

50 1093 86 1144 lit
95 1091 172 1142 simul
182 1091 279 1140 classis
290 1087 413 1142 secunda
428 1094 597 1154 tempestate
611 1105 646 1142 ac
659 1088 737 1144 fama
746 1095 850 1145 Trutu·

20 1213 21 1218 ,
48 1162 151 1212 lensem
161 1164 272 1226 portum
282 1159 384 1221 tenuit,
398 1157 482 1222 unde,
496 1161 625 1226 proximo
636 1159 728 1216 latere
738 1161 851 1215 Briton-

48 1231 110 1282 uiae
120 1229 192 1280 lecto
204 1229 288 1290 omni,
299 1227 432 1280 redierat.
668 1273 677 1278 ..
847 1263 890 1278 κ.

97 1297 222 1352 XXXIX.
241 1297 325 1349 Hunc
340 1299 434 1350 rerum
451 1312 573 1361 cursum,
592 1314 760 1368 quamquam
771 1298 851 1367 nulla
906 1333 910 1338 -

45 1369 190 1421 verborum
210 1369 345 1419 iactantia
364 1367 489 1434 epistolis
504 1369 651 1434 Agricolae
671 1376 800 1432 auctum,
818 1375 851 1422 ut
891 1410 892 1414 ,

41 1437 217 1492 Domitianus
228 1443 299 1500 erat,
315 1434 408 1489 fronte
418 1435 517 1498 laetus,
533 1443 645 1502 pectore
654 1440 762 1504 anxius,
772 1453 851 1492 exeo·
867 1446 868 1449 ’

41 1510 91 1577 pit,
127 1507 223 1559 luerat
232 1507 414 1571 conscientia,
435 1505 540 1561 derisui
551 1506 636 1561 luisse
646 1525 737 1576 nuper
747 1507 850 1561 falsum
934 1513 938 1516 ’

39 1596 56 1632 e
68 1578 219 1630 Germania
228 1576 409 1643 triumphum,
421 1578 518 1643 emptis
530 1592 580 1643 per
590 1582 765 1644 commercia,
781 1594 849 1647 quo·

37 1644 225 1702 rnmhabitus
237 1651 266 1698 et
275 1647 366 1699 crines
382 1650 410 1700 in
426 1648 597 1715 captivorum
613 1649 732 1714 speciem
745 1647 848 1701 forma·

35 1724 151 1772 rentur:
171 1721 202 1767 at
216 1731 290 1769 rrunc
304 1732 399 1769 veram
420 1732 606 1785 magnamque
625 1718 787 1783 victoriam,
805 1722 850 1770 tot

34 1787 163 1841 millibus
175 1786 296 1838 hostium
309 1788 411 1851 caesis,
431 1788 537 1855 ingenti
549 1787 624 1839 fama
634 1787 781 1840 celebrari.
816 1787 849 1841 ld

32 1860 88 1911 sibi
105 1859 229 1909 maximo
246 1855 467 1921 formidolosum,
486 1858 587 1923 privati
608 1856 727 1910 hominis
745 1872 849 1910 nomen
919 1884 938 1893 ν

29 1936 121 1995 supra
131 1926 269 1996 Principis
280 1925 391 1978 adtolli:
403 1927 512 1981 frustra
520 1925 612 1979 studia
623 1926 681 1991 fori*
688 1931 718 1980 et
727 1926 849 1981 civilium

28 2001 137 2053 artium
151 1998 236 2050 decus
246 2000 275 2048 in
285 1997 425 2049 silcntium
437 2003 514 2061 acta,
531 1998 556 2047 si
571 1997 719 2049 militarem
728 1998 849 2066 gloriam
936 2050 938 2056 f

26 2069 105 2123 alius
117 2073 285 2134 occuparet:
297 2072 325 2120 et
335 2074 429 2120 cetera
440 2073 591 2135 utcumque
601 2065 711 2119 facilius
721 2067 846 2121 dissimu·
959 2079 963 2088 ’

25 2138 101 2193 lari:
123 2137 216 2189 Ducis
225 2138 291 2189 boni
302 2138 515 2205 Imperatoriam
525 2139 654 2189 virtutem
666 2153 735 2190 esse.
773 2138 849 2189 Tali·

21 2213 80 2264 bus
93 2207 345 2274 curisexercitus‚
365 2206 496 2275 quodque
511 2222 610 2259 saevae
621 2207 799 2276 cogitationis
809 2207 850 2257 in·
923 2221 928 2228 ·

20 2280 136 2333 dicium
149 2281 228 2339 erat,
247 2282 356 2328 secreto
371 2291 422 2328 suo
433 2276 566 2339 satiatus,
586 2279 720 2343 optimum
731 2276 759 2326 in
769 2290 849 2342 prae·
868 2341 870 2346 ,

19 2348 125 2404 sentia
136 2348 250 2409 statuit,
266 2360 402 2412 reponere
413 2344 517 2407 odium,
532 2346 622 2398 donec
631 2348 744 2412 inpetus
754 2343 848 2399 famae

19 2426 49 2476 et
62 2418 153 2469 favor
164 2418 305 2491 exerciprs
315 2414 519 2483 languesceret.
535 2430 600 2473 nam
611 2418 696 2468 etiam
706 2414 848 2483 trrmlgri-

19 2490 88 2545 cola
99 2486 287 2538 Britanniam
304 2484 455 2539 obtinebat.
749 2513 753 2522 ι

83 2554 159 2613 XL.
187 2557 276 2625 lgitur
295 2552 473 2623 triumphalia
494 2560 655 2606 ornamenta
675 2558 703 2605 et
721 2550 849 2607 inlustria

19 2639 139 2685 :laturre
152 2625 282 2681 honorem
293 2634 321 2679 et
331 2623 520 2695 quidquidpro
530 2621 666 2690 triumpho
676 2623 769 2689 datur,
778 2622 849 2675 mul-

19 2720 41 2756 o
62 2700 229 2752 verborum
242 2694 509 2771 honorecumnlota,
528 2692 854 2749 decerniinsenatuiu·
891 2722 894 2729 ·

47 2769 245 2827 Tacrrvsll.
298 2836 301 2848 s
445 2818 451 2825 ,
504 2795 508 2806 e
607 2765 639 2826 ,Τ
725 2839 727 2842 Ι
